%% This BibTeX bibliography file was created using BibDesk.
%% http://bibdesk.sourceforge.net/

%% Created for Edward Hernandez at 2015-11-05 14:55:29 -0500 


%% Saved with string encoding Unicode (UTF-8) 



@book{SmithFoster09,
	Date-Added = {2015-11-05 19:54:12 +0000},
	Date-Modified = {2015-11-05 19:55:26 +0000},
	Editor = {Frances Smith~Foster and Beverly Guy-Sheftall},
	Publisher = {The Feminist Press at CUNY},
	Title = {Still Brave: The Evolution of Black Women's Studies},
	Year = {2009}}

@book{GuySheftall95,
	Address = {New York},
	Date-Added = {2015-11-05 19:52:26 +0000},
	Date-Modified = {2015-11-05 19:54:09 +0000},
	Editor = {Beverly Guy-Sheftall},
	Publisher = {The New Press},
	Title = {Words of Fire: An Anthology of African-American Feminist Thought},
	Year = {1995}}

@incollection{Magubane10,
	Address = {Philadelphia},
	Author = {Zine Magubane},
	Booktitle = {Black Venus 2010: They Called Her "Hottentot"},
	Date-Added = {2015-11-05 19:47:47 +0000},
	Date-Modified = {2015-11-05 19:49:33 +0000},
	Editor = {Deborah Willis},
	Publisher = {Temple University Press},
	Title = {Which Bodies Matter?: Feminism Post-Structuralism, Race, and the Curious Theoretical Odyssey of the "Hottentot Venus"},
	Year = {2010}}

@incollection{OGrady98,
	Address = {New York},
	Author = {Lorraine O'Grady},
	Booktitle = {New Feminist Criticism: Art, Identity, Action},
	Date-Added = {2015-11-05 18:38:15 +0000},
	Date-Modified = {2015-11-05 19:47:29 +0000},
	Editor = {Joanna Frueh and Cassandra L. Langer and Arlene Raven},
	Publisher = {Icon},
	Title = {Olympia's Maid: Reclaiming Black Female Subjectivity},
	Year = {1994}}
