%% This BibTeX bibliography file was created using BibDesk.
%% http://bibdesk.sourceforge.net/

%% Created for Edward Hernandez at 2015-11-17 15:17:52 -0500 


%% Saved with string encoding Unicode (UTF-8) 



@misc{Rees11,
	Author = {Dee Rees},
	Date-Added = {2015-11-17 19:49:39 +0000},
	Date-Modified = {2015-11-17 19:50:36 +0000},
	Howpublished = {Film},
	Month = {December},
	Title = {Pariah},
	Year = {2011}}

@article{Cohen97,
	Author = {Cathy J. Cohen},
	Date-Added = {2015-11-17 19:44:40 +0000},
	Date-Modified = {2015-11-17 19:45:54 +0000},
	Journal = {GLQ: A Journal of Lesbian \& Gay Studies},
	Pages = {437-465},
	Title = {Punks, Bulldaggers, and Wellfare Queens: The Radical Potential of Queer Politics?},
	Volume = {3},
	Year = {1997}}

@misc{Dunye97,
	Author = {Cheryl Dunye},
	Date-Added = {2015-11-17 19:39:57 +0000},
	Date-Modified = {2015-11-17 19:41:35 +0000},
	Howpublished = {Film},
	Month = {March},
	Title = {The Watermelon Woman},
	Year = {1997}}

@periodical{Spriggs10,
	Author = {Bianca Spriggs},
	Date-Added = {2015-11-17 19:32:45 +0000},
	Date-Modified = {2015-11-17 19:38:37 +0000},
	Journal = {Union Station Magazine},
	Month = {July},
	Title = {poems: {B}ianca {S}priggs},
	Url = {http://www.unionstationmag.com/2010/07/poems-bianca-sprigg/},
	Volume = {2},
	Year = {2010}}

@webpage{Word13,
	Author = {Alley Pezanoski-Browne and Tanekeya Word},
	Date-Added = {2015-11-17 19:28:42 +0000},
	Date-Modified = {2015-11-17 19:32:01 +0000},
	Month = {November},
	Title = {Interview: On {A}frofuturism + Gender},
	Url = {http://aisforafrofuturism.tumblr.com/post/67961105106/interview-on-afrofuturism-gender},
	Year = {2013}}

@incollection{Humann07,
	Author = {Heather Duerre Humann},
	Booktitle = {Home Girls Make Some Noise!: Hip Hop Feminist Anthology},
	Date-Added = {2015-11-17 19:22:35 +0000},
	Date-Modified = {2015-11-17 19:27:05 +0000},
	Editor = {Gwendolyn D. Pough and Elaine Richardson and Aisha Durham and Rachel Raimist},
	Pages = {94-105},
	Publisher = {Parker Publishing},
	Title = {Feminist and Material Concerns: {L}il' {K}im, {D}estiny's {C}hild, and Questions of Consciousness},
	Year = {2007}}

@periodical{Hobson13,
	Author = {Janell Hobson},
	Date-Added = {2015-11-17 18:52:24 +0000},
	Date-Modified = {2015-11-17 18:54:41 +0000},
	Journal = {Ms.},
	Title = {{B}eyonce's Fierce Feminism},
	Url = {http://msmagazine.com/blog/2015/03/07/beyonces-fierce-feminism/},
	Volume = {XXIII},
	Year = {2013},
	Bdsk-Url-1 = {http://msmagazine.com/blog/2015/03/07/beyonces-fierce-feminism/}}

@article{Davies07,
	Author = {Carole Boyce Davies},
	Date-Added = {2015-11-17 18:51:05 +0000},
	Date-Modified = {2015-11-17 18:52:23 +0000},
	Journal = {Feminist Africa},
	Title = {"{C}o-di-fi-cation": {B}lack women, leadership and political power},
	Volume = {7},
	Year = {2007}}

@article{Smith78,
	Author = {Barbara Smith},
	Date-Added = {2015-11-12 20:08:25 +0000},
	Date-Modified = {2015-11-12 20:09:40 +0000},
	Journal = {The Radical Teacher},
	Number = {7},
	Pages = {20-27},
	Title = {Toward a {B}lack Feminist Criticism},
	Year = {1978}}

@article{Hammonds94,
	Author = {Evelynn Hammonds},
	Date-Added = {2015-11-10 23:53:59 +0000},
	Date-Modified = {2015-11-10 23:58:29 +0000},
	Journal = {differences: A Journal of Feminist Cultural Studies},
	Number = {3},
	Title = {Black (W)holes and the Geometry of {B}lack Female Sexuality},
	Volume = {6.2},
	Year = {1994}}

@book{Phillips06,
	Date-Added = {2015-11-10 23:45:52 +0000},
	Date-Modified = {2015-11-10 23:47:00 +0000},
	Editor = {Layli Phillips},
	Publisher = {Routledge},
	Title = {The Womanist Reader},
	Year = {2006}}

@book{Collins00,
	Author = {Patricia Hill Collins},
	Date-Added = {2015-11-10 23:41:11 +0000},
	Date-Modified = {2015-11-10 23:43:42 +0000},
	Publisher = {Hyman},
	Title = {Black Feminist Thought: Knowledge, Consciousness and the Politics of Empowerment},
	Year = {2000}}

@book{hooks81,
	Author = {bell hooks},
	Date-Added = {2015-11-10 23:36:47 +0000},
	Date-Modified = {2015-11-10 23:38:28 +0000},
	Publisher = {South End Press},
	Title = {Ain't i a Woman?: Black women and feminism},
	Year = {1981}}

@book{Queen11,
	Author = {Khadijah Qeen},
	Date-Added = {2015-11-10 23:35:45 +0000},
	Date-Modified = {2015-11-10 23:36:42 +0000},
	Month = {December},
	Publisher = {Noemi Press},
	Title = {Black Peculiar},
	Year = {2011}}

@book{SmithFoster09,
	Address = {New York},
	Date-Added = {2015-11-05 19:54:12 +0000},
	Date-Modified = {2015-11-17 19:19:51 +0000},
	Editor = {Stanlie M. James and Frances Smith~Foster and Beverly Guy-Sheftall},
	Publisher = {The Feminist Press at CUNY},
	Title = {Still Brave: The Evolution of Black Women's Studies},
	Year = {2009}}

@book{GuySheftall95,
	Address = {New York},
	Date-Added = {2015-11-05 19:52:26 +0000},
	Date-Modified = {2015-11-12 19:20:36 +0000},
	Editor = {Beverly Guy-Sheftall},
	Publisher = {The New Press},
	Title = {Words of Fire: An Anthology of {A}frican-{A}merican Feminist Thought},
	Year = {1995}}

@incollection{Magubane10,
	Address = {Philadelphia},
	Author = {Zine Magubane},
	Booktitle = {Black Venus 2010: They Called Her "Hottentot"},
	Date-Added = {2015-11-05 19:47:47 +0000},
	Date-Modified = {2015-11-05 19:49:33 +0000},
	Editor = {Deborah Willis},
	Publisher = {Temple University Press},
	Title = {Which Bodies Matter?: Feminism Post-Structuralism, Race, and the Curious Theoretical Odyssey of the "Hottentot Venus"},
	Year = {2010}}

@incollection{OGrady98,
	Address = {New York},
	Author = {Lorraine O'Grady},
	Booktitle = {New Feminist Criticism: Art, Identity, Action},
	Date-Added = {2015-11-05 18:38:15 +0000},
	Date-Modified = {2015-11-05 19:47:29 +0000},
	Editor = {Joanna Frueh and Cassandra L. Langer and Arlene Raven},
	Publisher = {Icon},
	Title = {Olympia's Maid: Reclaiming Black Female Subjectivity},
	Year = {1994}}
