%% This BibTeX bibliography file was created using BibDesk.
%% http://bibdesk.sourceforge.net/

%% Created for Edward Hernandez at 2015-11-24 15:40:30 -0500 


%% Saved with string encoding Unicode (UTF-8) 



@incollection{Haraway00,
	Address = {New York},
	Author = {Donna Haraway},
	Booktitle = {The Cybercultures Reader},
	Chapter = {18},
	Date-Added = {2015-11-24 19:08:22 +0000},
	Date-Modified = {2015-11-24 19:11:39 +0000},
	Editor = {David Bell and Barbara M. Kennedy},
	Pages = {291-324},
	Publisher = {Routledge},
	Title = {A Cyborg Manifesto: Science, technology and socialist-feminism in the late twentieth century},
	Year = {2000}}
