%% This BibTeX bibliography file was created using BibDesk.
%% http://bibdesk.sourceforge.net/

%% Created for Edward Hernandez at 2015-11-12 15:12:42 -0500 


%% Saved with string encoding Unicode (UTF-8) 



@incollection{Christian,
	Address = {New York},
	Author = {Barbara Christian},
	Booktitle = {Still Brave: The Evolution of {B}lack Women's Studies},
	Date-Added = {2015-11-12 20:06:24 +0000},
	Date-Modified = {2015-11-12 20:07:50 +0000},
	Publisher = {The Feminist Press at CUNY},
	Title = {But Who Do You Really Belong To---{B}lack Studies or Women's Studies?},
	Year = {2009}}

@incollection{Awkward,
	Address = {New York},
	Author = {Michael Awkward},
	Booktitle = {Still Brave: The Evolution of {B}lack Women's Studies},
	Date-Added = {2015-11-12 20:05:22 +0000},
	Date-Modified = {2015-11-12 20:06:12 +0000},
	Publisher = {The Feminist Press at CUNY},
	Title = {A {B}lack Man's Plack in {B}lack Feminist Criticism},
	Year = {2009}}

@incollection{Brown,
	Address = {New York},
	Author = {Elsa Barkley Brown},
	Booktitle = {Still Brave: The Evolution of {B}lack Women's Studies},
	Date-Added = {2015-11-12 20:04:27 +0000},
	Date-Modified = {2015-11-12 20:05:16 +0000},
	Publisher = {The Feminist Press at CUNY},
	Title = {{A}frican-{A}merican Women in Defense of Ourselves},
	Year = {2009}}

@incollection{Coleman,
	Address = {New York},
	Author = {Monica A. Coleman},
	Booktitle = {Still Brave: The Evolution of {B}lack Women's Studies},
	Date-Added = {2015-11-12 20:02:42 +0000},
	Date-Modified = {2015-11-12 20:04:14 +0000},
	Publisher = {The Feminist Press at CUNY},
	Title = {Must I Be a {W}omanist?},
	Year = {2009}}

@incollection{Walker,
	Address = {New York},
	Author = {Alice Walker},
	Booktitle = {Still Brave: The Evolution of {B}lack Women's Studies},
	Date-Added = {2015-11-12 20:02:12 +0000},
	Date-Modified = {2015-11-12 20:03:47 +0000},
	Publisher = {The Feminist Press at CUNY},
	Title = {Womanist},
	Year = {2009}}

@book{SmithFoster09,
	Address = {New York},
	Date-Added = {2015-11-12 19:24:35 +0000},
	Date-Modified = {2015-11-12 20:03:55 +0000},
	Editor = {Frances Smith~Foster and Beverly Guy-Sheftall},
	Publisher = {The Feminist Press at CUNY},
	Title = {Still Brave: The Evolution of {B}lack Women's Studies},
	Year = {2009}}
