%% This BibTeX bibliography file was created using BibDesk.
%% http://bibdesk.sourceforge.net/

%% Created for Edward Hernandez at 2015-11-12 15:15:22 -0500 


%% Saved with string encoding Unicode (UTF-8) 



@incollection{Jordan,
	Address = {New York},
	Author = {June Jordan},
	Booktitle = {Words of Fire: An Anthology of {A}frican-{A}merican Feminist Thought},
	Date-Added = {2015-11-12 20:14:28 +0000},
	Date-Modified = {2015-11-12 20:15:05 +0000},
	Publisher = {The New Press},
	Title = {A New Politics of Sexuality},
	Year = {1995}}

@incollection{Hine,
	Address = {New York},
	Author = {Darlene Clark Hine},
	Booktitle = {Words of Fire: An Anthology of {A}frican-{A}merican Feminist Thought},
	Date-Added = {2015-11-12 20:13:25 +0000},
	Date-Modified = {2015-11-12 20:14:15 +0000},
	Publisher = {The New Press},
	Title = {Rape and Inner Lives of {B}lack Women in the Middle West: Preliminary Thoughts on the Culture of Dissemblance},
	Year = {1995}}

@incollection{Collins,
	Address = {New York},
	Author = {Patricia Hill Collins},
	Booktitle = {Words of Fire: An Anthology of {A}frican-{A}merican Feminist Thought},
	Date-Added = {2015-11-12 20:10:44 +0000},
	Date-Modified = {2015-11-12 20:12:11 +0000},
	Publisher = {The New Press},
	Title = {The Social Construction of {B}lack Feminist Thought},
	Year = {1995}}

@incollection{Smith,
	Address = {New York},
	Author = {Barbara Smith},
	Booktitle = {Words of Fire: An Anthology of {A}frican-{A}merican Feminist Thought},
	Date-Added = {2015-11-12 19:59:38 +0000},
	Date-Modified = {2015-11-12 20:00:48 +0000},
	Publisher = {The New Press},
	Title = {Some Home Truths on the Contemporary {B}lack Feminist Movement},
	Year = {1995}}

@incollection{Clarke,
	Address = {New York},
	Author = {Cheryl Clarke},
	Booktitle = {Words of Fire: An Anthology of {A}frican-{A}merican Feminist Thought},
	Date-Added = {2015-11-12 19:59:04 +0000},
	Date-Modified = {2015-11-12 19:59:28 +0000},
	Publisher = {The New Press},
	Title = {Lesbianism: An Act of Resistance},
	Year = {1995}}

@incollection{Combahee,
	Address = {New York},
	Author = {The~Combahee~River~Collective},
	Booktitle = {Words of Fire: An Anthology of {A}frican-{A}merican Feminist Thought},
	Date-Added = {2015-11-12 19:57:49 +0000},
	Date-Modified = {2015-11-12 19:58:56 +0000},
	Publisher = {The New Press},
	Title = {A {B}lack Feminist Statement},
	Year = {1995}}

@incollection{Murray,
	Address = {New York},
	Author = {Pauli Murray},
	Booktitle = {Words of Fire: An Anthology of {A}frican-{A}merican Feminist Thought},
	Date-Added = {2015-11-12 19:56:01 +0000},
	Date-Modified = {2015-11-12 19:56:30 +0000},
	Publisher = {The New Press},
	Title = {The Liberation of {B}lack Women},
	Year = {1995}}

@incollection{Haden,
	Address = {New York},
	Author = {Patricia Haden and Donna Middleton and Patricia Robinson},
	Booktitle = {Words of Fire: An Anthology of {A}frican-{A}merican Feminist Thought},
	Date-Added = {2015-11-12 19:54:14 +0000},
	Date-Modified = {2015-11-12 19:55:05 +0000},
	Publisher = {The New Press},
	Title = {A Historical and Critical Essay for {B}lack Women},
	Year = {1995}}

@incollection{LaRue,
	Address = {New York},
	Author = {Linda La~Rue},
	Booktitle = {Words of Fire: An Anthology of {A}frican-{A}merican Feminist Thought},
	Date-Added = {2015-11-12 19:52:39 +0000},
	Date-Modified = {2015-11-12 19:54:11 +0000},
	Publisher = {The New Press},
	Title = {The {B}lack Movement and Women's Liberation},
	Year = {1995}}

@incollection{Weathers,
	Address = {New York},
	Author = {Mary Ann Weathers},
	Booktitle = {Words of Fire: An Anthology of {A}frican-{A}merican Feminist Thought},
	Date-Added = {2015-11-12 19:52:01 +0000},
	Date-Modified = {2015-11-12 19:52:38 +0000},
	Publisher = {The New Press},
	Title = {An Argument for {B}lack Women's Liberation as a Revolutionary Force},
	Year = {1995}}

@incollection{Beale,
	Address = {New York},
	Author = {Frances Beale},
	Booktitle = {Words of Fire: An Anthology of {A}frican-{A}merican Feminist Thought},
	Date-Added = {2015-11-12 19:51:14 +0000},
	Date-Modified = {2015-11-12 19:51:51 +0000},
	Publisher = {The New Press},
	Title = {Double Jeopardy: To Be {B}lack and Female},
	Year = {1995}}

@incollection{Hansberry,
	Address = {New York},
	Author = {Lorraine Hansberry},
	Booktitle = {Words of Fire: An Anthology of {A}frican-{A}merican Feminist Thought},
	Date-Added = {2015-11-12 19:48:38 +0000},
	Date-Modified = {2015-11-12 19:50:33 +0000},
	Publisher = {The New Press},
	Title = {{S}imone de {B}eauvoir and {T}he {S}econd {S}ex: An {A}merican Commentary},
	Year = {1995}}

@incollection{Jones,
	Address = {New York},
	Author = {Claudia Jones},
	Booktitle = {Words of Fire: An Anthology of {A}frican-{A}merican Feminist Thought},
	Date-Added = {2015-11-12 19:47:26 +0000},
	Date-Modified = {2015-11-12 19:48:20 +0000},
	Publisher = {The New Press},
	Title = {An End to the Neglect of the Problems of the {N}egro Woman!},
	Year = {1995}}

@incollection{Kennedy,
	Address = {New York},
	Author = {Florynce Kennedy},
	Booktitle = {Words of Fire: An Anthology of {A}frican-{A}merican Feminist Thought},
	Date-Added = {2015-11-12 19:46:13 +0000},
	Date-Modified = {2015-11-12 19:47:19 +0000},
	Publisher = {The New Press},
	Title = {A Comparative Study: Accentuating the Similarities of the Societal Position of Women and {N}egroes},
	Year = {1995}}

@incollection{Alexander,
	Address = {New York},
	Author = {Sadie Tanner Mossell Alexander},
	Booktitle = {Words of Fire: An Anthology of {A}frican-{A}merican Feminist Thought},
	Date-Added = {2015-11-12 19:45:00 +0000},
	Date-Modified = {2015-11-12 19:46:02 +0000},
	Publisher = {The New Press},
	Title = {{N}egro Women in our Economic Life},
	Year = {1995}}

@incollection{Garvey2,
	Address = {New York},
	Author = {Amy Jacques Garvey},
	Booktitle = {Words of Fire: An Anthology of {A}frican-{A}merican Feminist Thought},
	Date-Added = {2015-11-12 19:44:27 +0000},
	Date-Modified = {2015-11-12 19:44:59 +0000},
	Publisher = {The New Press},
	Title = {Women as Leaders},
	Year = {1995}}

@incollection{Garvey1,
	Address = {New York},
	Author = {Amy Jacques Garvey},
	Booktitle = {Words of Fire: An Anthology of {A}frican-{A}merican Feminist Thought},
	Date-Added = {2015-11-12 19:42:43 +0000},
	Date-Modified = {2015-11-12 19:44:25 +0000},
	Publisher = {The New Press},
	Title = {Our Women Getting into the Larger Life},
	Year = {1995}}

@incollection{DunbarNelson,
	Address = {New York},
	Annote = {in The Messenger
1927},
	Author = {Alice Dunbar-Nelson},
	Booktitle = {Words of Fire: An Anthology of {A}frican-{A}merican Feminist Thought},
	Date-Added = {2015-11-12 19:41:39 +0000},
	Date-Modified = {2015-11-12 19:42:29 +0000},
	Publisher = {The New Press},
	Title = {The {N}egro Woman and the Ballot},
	Year = {1995}}

@incollection{WellsBarnett,
	Address = {New York},
	Author = {Ida B. Wells-Barnett},
	Booktitle = {Words of Fire: An Anthology of {A}frican-{A}merican Feminist Thought},
	Date-Added = {2015-11-12 19:40:01 +0000},
	Date-Modified = {2015-11-12 19:40:39 +0000},
	Publisher = {The New Press},
	Title = {Lynch Law in America},
	Year = {1995}}

@incollection{Terrell,
	Address = {New York},
	Author = {Mary Church Terrell},
	Booktitle = {Words of Fire: An Anthology of {A}frican-{A}merican Feminist Thought},
	Date-Added = {2015-11-12 19:36:50 +0000},
	Date-Modified = {2015-11-12 19:39:48 +0000},
	Publisher = {The New Press},
	Title = {The Progress of Colored Women},
	Year = {1995}}

@incollection{Mossell2,
	Address = {New York},
	Author = {Gertrude Bustill Mossell},
	Booktitle = {Words of Fire: An Anthology of {A}frican-{A}merican Feminist Thought},
	Date-Added = {2015-11-12 19:35:02 +0000},
	Date-Modified = {2015-11-12 19:36:43 +0000},
	Publisher = {The New Press},
	Title = {A Lofty Study},
	Year = {1995}}

@incollection{Mossell1,
	Address = {New York},
	Author = {Gertrude Bustill Mossell},
	Booktitle = {Words of Fire: An Anthology of {A}frican-{A}merican Feminist Thought},
	Date-Added = {2015-11-12 19:34:06 +0000},
	Date-Modified = {2015-11-12 19:35:28 +0000},
	Publisher = {The New Press},
	Title = {The Opposite Point of View},
	Year = {1995}}

@incollection{Cooper,
	Address = {New York},
	Author = {Anna Julia Cooper},
	Booktitle = {Words of Fire: An Anthology of {A}frican-{A}merican Feminist Thought},
	Date-Added = {2015-11-12 19:31:45 +0000},
	Date-Modified = {2015-11-12 19:35:32 +0000},
	Publisher = {The New Press},
	Title = {The Status of Woman in {A}merica},
	Year = {1995}}

@incollection{Harper,
	Address = {New York},
	Annote = {speech delivered at Word's Congress of Representative Women at the Columbian Exposition in Chicago
1893},
	Author = {Frances Ellen Watkins Harper},
	Booktitle = {Words of Fire: An Anthology of {A}frican-{A}merican Feminist Thought},
	Date-Added = {2015-11-12 19:29:38 +0000},
	Date-Modified = {2015-11-12 19:35:42 +0000},
	Publisher = {The New Press},
	Title = {Woman's Political Future},
	Year = {1995}}

@incollection{Truth2,
	Address = {New York},
	Annote = {1867},
	Author = {Sojourner Truth},
	Booktitle = {Words of Fire: An Anthology of {A}frican-{A}merican Feminist Thought},
	Date-Added = {2015-11-12 19:27:31 +0000},
	Date-Modified = {2015-11-12 19:36:01 +0000},
	Publisher = {The New Press},
	Title = {When Woman Gets Her Rights Man Will Be Right},
	Year = {1995}}

@incollection{Stewart2,
	Address = {New York},
	Author = {Maria Miller Stewart},
	Booktitle = {Words of Fire: An Anthology of {A}frican-{A}merican Feminist Thought},
	Date-Added = {2015-11-12 19:26:20 +0000},
	Date-Modified = {2015-11-12 19:35:52 +0000},
	Publisher = {The New Press},
	Title = {Lecture Delivered at the {F}ranklin {H}all},
	Year = {1995}}

@incollection{Truth1,
	Address = {New York},
	Annote = {speech delivered at the annual meeting fo the American Equal Rights Association in New York
1851},
	Author = {Sojourner Truth},
	Booktitle = {Words of Fire: An Anthology of {A}frican-{A}merican Feminist Thought},
	Date-Added = {2015-11-12 19:25:00 +0000},
	Date-Modified = {2015-11-12 19:35:56 +0000},
	Publisher = {The New Press},
	Title = {Ar'n't {I} a Woman},
	Year = {1995}}

@incollection{Stewart1,
	Address = {New York},
	Author = {Maria Miller Stewart},
	Booktitle = {Words of Fire: An Anthology of {A}frican-{A}merican Feminist Thought},
	Date-Added = {2015-11-12 19:25:00 +0000},
	Date-Modified = {2015-11-12 19:35:47 +0000},
	Publisher = {The New Press},
	Title = {Religion and the Pure Principles of Morality, the Sure Foundation on Which We Must Build},
	Year = {1995}}

@book{GuySheftall95,
	Address = {New York},
	Date-Added = {2015-11-12 19:24:56 +0000},
	Date-Modified = {2015-11-12 19:24:56 +0000},
	Editor = {Beverly Guy-Sheftall},
	Publisher = {The New Press},
	Title = {Words of Fire: An Anthology of {A}frican-{A}merican Feminist Thought},
	Year = {1995}}
