%% This BibTeX bibliography file was created using BibDesk.
%% http://bibdesk.sourceforge.net/

%% Created for Edward Hernandez at 2015-10-10 15:40:54 -0400 


%% Saved with string encoding Unicode (UTF-8) 

@misc{Lee06,
		Author = {Spike Lee},
		Title = {When the Levees Broke: A Requiem in Four Acts},
		Year = {2006},
		HowPublished = {Motion Picture},
}

@book{RamseyFowler95,
	Author = {Ramsey Fowler, H. and Jane E. Aaron},
	Date-Added = {2015-10-10 19:27:12 +0000},
	Date-Modified = {2015-10-10 19:31:46 +0000},
	Publisher = {Watson-Guptill},
	Title = {The Little, Brown Handbook},
	Year = {1995}}

@incollection{Zentella02,
	Address = {Berkeley},
	Author = {Ana Celia Zentella},
	Booktitle = {Latinos! An Agenda for the 21st Century},
	Date-Added = {2015-10-09 01:42:35 +0000},
	Date-Modified = {2015-10-09 01:44:33 +0000},
	Editor = {M. Su\'{a}rez-Orozco and Mariela P\'{a}ez},
	Publisher = {University of California Press},
	Title = {Latin@ Languages and Identities},
	Year = {2002}}

@article{Monteith13,
	Author = {Margo Monteith and Jeffrey Winters},
	Date-Added = {2015-10-09 01:40:42 +0000},
	Date-Modified = {2015-10-09 01:42:14 +0000},
	Journal = {Psychology Today},
	Number = {3},
	Title = {Why We Hate},
	Volume = {35},
	Year = {2002}}

@webpage{Labov78,
	Author = {W. Labov},
	Date-Added = {2015-10-09 01:39:22 +0000},
	Date-Modified = {2015-10-09 01:40:38 +0000},
	Lastchecked = {8 October 2015},
	Title = {How I got into linguistics, and what I got out of it},
	Url = {http://www.ling.upenn.edu/~wlabov/HowIgot.html},
	Year = {1978},
	Bdsk-Url-1 = {http://www.ling.upenn.edu/~wlabov/HowIgot.html}}

@article{Heymann11,
	Author = {L. Heymann},
	Date-Added = {2015-10-09 01:38:41 +0000},
	Date-Modified = {2015-10-09 01:39:17 +0000},
	Journal = {Lewis and Clark Law Review},
	Number = {4},
	Title = {The Grammar of Trademarks},
	Volume = {14},
	Year = {2011}}

@article{Simmons98,
	Author = {R. J. Simmons},
	Date-Added = {2015-10-09 01:37:20 +0000},
	Date-Modified = {2015-10-09 01:38:39 +0000},
	Journal = {Texas Journal of Ideas},
	Number = {20},
	Pages = {20-29},
	Title = {My Mother's Daughter: Lessons I Learned in Civility and Authenticity},
	Volume = {History and Culture},
	Year = {1998}}

@article{Donstan15,
	Author = {S. Dunstan and A. Jager},
	Date-Added = {2015-10-09 01:35:52 +0000},
	Date-Modified = {2015-10-09 01:36:40 +0000},
	Journal = {Journal of Higher Education},
	Number = {5},
	Title = {Dialect and Influences on the Academic Experiences of College Students},
	Volume = {86},
	Year = {2015}}

@incollection{Charity13,
	Author = {Anne H. Charity},
	Booktitle = {The Oxford Handbook of Sociolinguistics},
	Date-Added = {2015-10-09 01:33:24 +0000},
	Date-Modified = {2015-10-09 01:37:19 +0000},
	Editor = {Robert Bayley and Richard Cameron and Ceil Lucas},
	Publisher = {Oxford University Press},
	Series = {Oxford Handbooks},
	Title = {Sociolinguistics and Social Activism},
	Year = {2013}}

@incollection{Lorde84,
	Address = {Berkeley, CA},
	Author = {Audre Lorde},
	Booktitle = {Sister Outsider: Essays and Speeches},
	Date-Added = {2015-10-09 01:29:51 +0000},
	Date-Modified = {2015-10-09 01:31:50 +0000},
	Publisher = {Crossing Press},
	Title = {The Master's Tools Will Never Dismantle the Master's House},
	Year = {2007}}

@article{Linneman13,
	Author = {T. Linneman},
	Date-Added = {2015-10-09 01:17:47 +0000},
	Date-Modified = {2015-10-09 01:18:42 +0000},
	Journal = {Gender in Society},
	Number = {1},
	Pages = {82-105},
	Title = {Gender in Jeopardy!: Intonation variation on a television game show},
	Volume = {27},
	Year = {2013}}

@unpublished{Pease11,
	Author = {Adam Pease},
	Date-Added = {2015-10-08 19:22:58 +0000},
	Date-Modified = {2015-10-10 19:40:39 +0000},
	Note = {from the KNDI K Lab},
	Title = {Edelman Kritik},
	Url = {kndi.wikispaces.com/file/view/KNDI+Edelman+K.doc},
	Year = {2011}}

@book{Gray13,
	Address = {United Kingdom},
	Author = {David Gray},
	Date-Added = {2015-10-08 16:37:45 +0000},
	Date-Modified = {2015-10-08 16:41:00 +0000},
	Publisher = {SAGE},
	Title = {Doing Research in the Real World},
	Year = {2013}}

@book{Booth08,
	Address = {United States},
	Author = {Wayne Booth and Gregory Colomb and Joseph Williams},
	Date-Added = {2015-10-08 16:34:06 +0000},
	Date-Modified = {2015-10-08 16:36:38 +0000},
	Edition = {Third},
	Publisher = {University of Chicago Press},
	Series = {Chicago Guides to Writing, Editing, and Publishing},
	Title = {The Craft of Research},
	Year = {2008}}

@book{Boyle-Baise02,
	Address = {United States},
	Author = {Marilynne Boyle-Baise and Carolyn O'Grady},
	Date-Added = {2015-10-08 16:32:51 +0000},
	Date-Modified = {2015-10-08 16:34:04 +0000},
	Publisher = {Teacher's College Press},
	Title = {Multicultural Service Learning: Educating Teachers in Diverse Communities},
	Year = {2002}}

@book{Rickford00,
	Address = {New York},
	Author = {John Russell Rickford and Russell John Rickford},
	Date-Added = {2015-10-08 16:07:07 +0000},
	Date-Modified = {2015-10-08 16:08:29 +0000},
	Publisher = {Wiley, John & Sons},
	Title = {Spoken Soul: The Story of Black English},
	Year = {2000}}

@book{Cress13,
	Address = {New York},
	Author = {Christine Cress and Peter Collier and Vicki Reitenauer},
	Date-Added = {2015-10-08 16:04:29 +0000},
	Date-Modified = {2015-10-08 16:06:07 +0000},
	Publisher = {Stylus},
	Title = {Learning Through Serving: A Student Guidebook for Service-Learning and Civic Engagement Across Academic Disciplines and Cultural Communities},
	Year = {2013}}

@book{Lippi-Green11,
	Address = {United Kingdom},
	Author = {Rosina Lippi-Green},
	Date-Added = {2015-10-08 16:02:54 +0000},
	Date-Modified = {2015-10-08 16:06:24 +0000},
	Publisher = {Routledge},
	Title = {English with an Accent: Language, Ideology, and Discrimination in the United States},
	Year = {2011}}

@book{CharityHudley10,
	Address = {New York},
	Author = {Charity Hudley, Anne H. and Christine Mallinson},
	Date-Added = {2015-10-08 16:00:53 +0000},
	Date-Modified = {2015-10-08 16:06:37 +0000},
	Editor = {J. A. Banks},
	Publisher = {Teacher's College Press},
	Title = {Understanding English language variation in U.S. Schools},
	Year = {2010}}
