%% This BibTeX bibliography file was created using BibDesk.
%% http://bibdesk.sourceforge.net/

%% Created for Edward Hernandez at 2015-12-09 17:26:50 -0500 


%% Saved with string encoding Unicode (UTF-8) 



@article{Charity08a,
	Author = {Anne Charity},
	Date-Added = {2015-12-07 04:33:35 +0000},
	Date-Modified = {2015-12-07 04:33:35 +0000},
	Journal = {ASHA Division 14 newsletter},
	Title = {{A}frican-{A}merican {E}nglish: An Overview},
	Year = {2008}}

@incollection{Charity08b,
	Author = {Anne H. Charity},
	Booktitle = {Handbook of {A}frican-{A}merican Psychology},
	Date-Added = {2015-12-07 04:33:35 +0000},
	Date-Modified = {2015-12-07 04:33:35 +0000},
	Editor = {H. Neville and B. Tynes and S. Utsey},
	Publisher = {Sage},
	Title = {{A}frican {A}merican {E}nglish},
	Year = {2008}}

@book{Eckert03,
	Author = {Penelope Eckert and Sally McConnell-Gineth},
	Date-Added = {2015-12-07 04:33:35 +0000},
	Date-Modified = {2015-12-07 04:33:35 +0000},
	Publisher = {Cambridge University Press},
	Title = {Language and Gender},
	Year = {2003}}

@article{Fryer04,
	Author = {Roland G. Fryer and Steven D. Levitt},
	Date-Added = {2015-12-07 04:33:35 +0000},
	Date-Modified = {2015-12-07 04:33:35 +0000},
	Journal = {The Quarterly Journal of Economics},
	Number = {3},
	Pages = {767-805},
	Title = {The Causes and Consequences of Distinctively Black Names},
	Volume = {119},
	Year = {2004}}

@incollection{Labov95,
	Address = {Cresskill, NJ},
	Author = {W. Labov},
	Booktitle = {Literacy Among {A}frican-{A}merican Youth},
	Date-Added = {2015-12-07 04:33:35 +0000},
	Date-Modified = {2015-12-09 22:06:58 +0000},
	Editor = {V. Gadsden and D. Wagner},
	Publisher = {Hampton Press},
	Title = {Can Reading Failure Be Reversed?},
	Year = {1995}}

@article{Levon06,
	Author = {Erez Levon},
	Date-Added = {2015-12-07 04:33:35 +0000},
	Date-Modified = {2015-12-07 04:33:35 +0000},
	Journal = {American Speech},
	Pages = {56-78},
	Title = {Hearing Gay: Prosody, Interpretation and the Affective Judgments of Men's Speech},
	Volume = {81},
	Year = {2006}}

@mastersthesis{Markley00,
	Author = {Dianne E. Markley},
	Date-Added = {2015-12-07 04:33:35 +0000},
	Date-Modified = {2015-12-07 04:33:35 +0000},
	School = {University of North Texas},
	Title = {Regional Accent Discrimination in the Hiring Process: A Language Attitude Study},
	Year = {2000}}

@book{Matsuda91,
	Author = {Mari Matsuda},
	Date-Added = {2015-12-07 04:33:35 +0000},
	Date-Modified = {2015-12-07 04:33:35 +0000},
	Publisher = {Yale Law Journal},
	Title = {Voices of {A}merica: Accent, Antidiscrimination Law, and a Jurisprudence for the Last Reconstruction},
	Year = {1991}}

@incollection{Charity13,
	Author = {Anne H. Charity},
	Booktitle = {The {O}xford Handbook of Sociolinguistics},
	Date-Added = {2015-12-07 04:32:22 +0000},
	Date-Modified = {2015-12-09 21:41:10 +0000},
	Editor = {Robert Bayley and Richard Cameron and Ceil Lucas},
	Publisher = {Oxford University Press},
	Series = {Oxford Handbooks},
	Title = {Sociolinguistics and Social Activism},
	Year = {2013}}

@article{Dunstan15,
	Author = {S. Dunstan and A. Jager},
	Date-Added = {2015-12-07 04:32:22 +0000},
	Date-Modified = {2015-12-07 04:32:22 +0000},
	Journal = {Journal of Higher Education},
	Number = {5},
	Title = {Dialect and Influences on the Academic Experiences of College Students},
	Volume = {86},
	Year = {2015}}

@article{Heymann08,
	Author = {L. Heymann},
	Date-Added = {2015-12-07 04:32:22 +0000},
	Date-Modified = {2015-12-07 04:32:22 +0000},
	Journal = {St. Louis University Law Journal},
	Title = {The Reasonable Person in Trademark Law},
	Year = {2008}}

@article{Heymann11,
	Author = {L. Heymann},
	Date-Added = {2015-12-07 04:32:22 +0000},
	Date-Modified = {2015-12-07 04:32:22 +0000},
	Journal = {Lewis and Clark Law Review},
	Number = {4},
	Title = {The Grammar of Trademarks},
	Volume = {14},
	Year = {2011}}

@misc{Labov78,
	Author = {W. Labov},
	Date-Added = {2015-12-07 04:32:22 +0000},
	Date-Modified = {2015-12-09 14:35:58 +0000},
	Lastchecked = {8 October 2015},
	Title = {How I got into linguistics, and what I got out of it},
	Url = {http://www.ling.upenn.edu/~wlabov/HowIgot.html},
	Year = {1978},
	Bdsk-Url-1 = {http://www.ling.upenn.edu/~wlabov/HowIgot.html}}

@article{Linneman13,
	Author = {T. Linneman},
	Date-Added = {2015-12-07 04:32:22 +0000},
	Date-Modified = {2015-12-07 04:32:22 +0000},
	Journal = {Gender in Society},
	Number = {1},
	Pages = {82-105},
	Title = {Gender in {J}eopardy!: Intonation variation on a television game show},
	Volume = {27},
	Year = {2013}}

@article{Monteith13,
	Author = {Margo Monteith and Jeffrey Winters},
	Date-Added = {2015-12-07 04:32:22 +0000},
	Date-Modified = {2015-12-07 04:32:22 +0000},
	Journal = {Psychology Today},
	Number = {3},
	Title = {Why We Hate},
	Volume = {35},
	Year = {2002}}

@article{Simmons98,
	Author = {R. J. Simmons},
	Date-Added = {2015-12-07 04:32:22 +0000},
	Date-Modified = {2015-12-09 22:26:49 +0000},
	Journal = {Texas Journal of Ideas},
	Number = {20},
	Pages = {20-29},
	Title = {My Mother's Daughter: Lessons {I} Learned in Civility and Authenticity},
	Volume = {History and Culture},
	Year = {1998}}

@incollection{Zentella02,
	Address = {Berkeley},
	Author = {Ana Celia Zentella},
	Booktitle = {Latinos! An Agenda for the 21st Century},
	Date-Added = {2015-12-07 04:32:22 +0000},
	Date-Modified = {2015-12-07 04:32:22 +0000},
	Editor = {M. Su\'{a}rez-Orozco and Mariela P\'{a}ez},
	Publisher = {University of California Press},
	Title = {Latin@ Languages and Identities},
	Year = {2002}}

@book{CharityHudley10,
	Address = {New York},
	Author = {Charity Hudley, Anne H. and Christine Mallinson},
	Date-Added = {2015-12-07 04:31:13 +0000},
	Date-Modified = {2015-12-07 04:31:13 +0000},
	Editor = {J. A. Banks},
	Publisher = {Teacher's College Press},
	Title = {Understanding {E}nglish Language Variation in {U}.{S}. Schools},
	Year = {2010}}

@book{Cress13,
	Address = {New York},
	Author = {Christine Cress and Peter Collier and Vicki Reitenauer},
	Date-Added = {2015-12-07 04:31:13 +0000},
	Date-Modified = {2015-12-07 04:31:13 +0000},
	Publisher = {Stylus},
	Title = {Learning Through Serving: A Student Guidebook for Service-Learning and Civic Engagement Across Academic Disciplines and Cultural Communities},
	Year = {2013}}

@book{Lippi-Green11,
	Address = {United Kingdom},
	Author = {Rosina Lippi-Green},
	Date-Added = {2015-12-07 04:31:13 +0000},
	Date-Modified = {2015-12-07 04:31:13 +0000},
	Publisher = {Routledge},
	Title = {English with an Accent: Language, Ideology, and Discrimination in the {U}nited {S}tates},
	Year = {2011}}
