@article{Katz15,
	Author = {Josh Katz},
	Journal = {The New York Times},
	Title = {{T}ed {C}ruz as {B}eowulf: Matching Candidates With the Books They Sound Like},
	Year = {2015}}

@article{Byrne15,
	Author = {Brian Patrick Byrne},
	Journal = {Vocativ},
	Month = {June},
	Title = {{D}onald {T}rump Speech: Short, Simple, For 7th-Graders},
	Year = {2015}}

@article{Reingold15,
	Author = {Jennifer Reingold},
	Journal = {Fortune},
	Month = {September},
	Title = {What separates {P}ope {F}rancis from {V}olkswagen and {D}onald {T}rump},
	Year = {2015}}

@article{Burns15,
	Author = {Will Burns},
	Journal = {Forbes},
	Month = {August},
	Title = {{D}onald {T}rump And {B}ernie {S}anders Show Us The Value Of Authenticity In Marketing Political Candidates},
	Year = {2015}}

@article{Green15,
	Author = {Joshua Green},
	Journal = {Bloomberg\emph{Politics}},
	Month = {September},
	Title = {What {D}onald {T}rump Is Teaching the {GOP} About Authenticity},
	Year = {2015}}
