@incollection{Thoreau12,
	Address = {New York, NY},
	Author = {Henry David Thoreau},
	Booktitle = {Norton Anthology of {A}merican Literature},
	Edition = {8},
	Editor = {Nina Baym and Robert S. Levine},
	Pages = {981-1154},
	Publisher = {Norton},
	Title = {Walden; or Life in the Woods},
	Volume = {B},
	Originalyear = {1854},
	Year = {2012}}

@incollection{Child12,
	Address = {New York, NY},
	Author = {Lydia Maria Child},
	Booktitle = {Norton Anthology of {A}merican Literature},
	Edition = {8},
	Editor = {Nina Baym and Robert S. Levine},
	Pages = {183-189},
	Publisher = {Norton},
	Title = {The Quadroons},
	Volume = {B},
	Originalyear = {1842},
	Year = {2012}}

@incollection{Stowe12,
	Address = {New York, NY},
	Author = {Harriet Beecher Stowe},
	Booktitle = {Norton Anthology of {A}merican Literature},
	Edition = {8},
	Editor = {Nina Baym and Robert S. Levine},
	Pages = {892-899},
	Publisher = {Norton},
	Title = {The Quadroon's Story},
	Volume = {B},
	Originalyear = {1852},
	Year = {2012}}

@incollection{Irving12,
	Address = {New York, NY},
	Author = {Washington Irving},
	Booktitle = {Norton Anthology of {A}merican Literature},
	Edition = {8},
	Editor = {Nina Baym and Robert S. Levine},
	Pages = {29-40},
	Publisher = {Norton},
	Title = {Rip Van Winkle},
	Volume = {B},
	Originalyear = {1819},
	Year = {2012}}
