@book{Twain85,
	Author = {Mark Twain},
	Publisher = {Charles L. Webster And Company},
	Title = {Adventures of {H}uckleberry {F}inn},
	Year = {1885}}

@unpublished{Marx44,
	Author = {Karl Marx},
	Englishtitle = {Economic \& Philosophical Manuscripts of 1844},
	Title = {{\"O}konomisch-philosophische Manuskripte aus dem Jahre 1844},
	Year = {1844}}

@book{Freud62,
	Address = {New York, NY},
	Author = {Sigmund Freud},
	Englishtitle = {Civilization and its Discontents},
	Originalpublisher = {Internationaler Psychoanalytischer Verlag Wien},
	Originalyear = {1930},
	Publisher = {W. W. Norton \& Company},
	Title = {Das Unbehagen in der Kultur},
	Translator = {James Strachey},
	Year = {1962}}

@book{Marx64,
	Author = {Leo Marx},
	Publisher = {Oxford University Press},
	Title = {The Machine in the Garden: Technology and the Pastoral Ideal in {A}merica},
	Year = {1964}}

@book{Stowe52,
	Author = {Harriet Beecher Stowe},
	Publisher = {John P. Jewett and Company},
	Title = {Uncle {T}om's Cabin},
	Year = {1852}}
