@article{Adewunmi14,
	Author = {Bim Adewunmi},
	Journal = {New Statesman},
	Title = {Kimberl\'{e} Crenshaw on intersectionality: ``I wanted to come up with an everyday metaphor that anyone could use''},
	URL = {http://www.newstatesman.com/lifestyle/2014/04/kimberl-crenshaw-intersectionality-i-wanted-come-everyday-metaphor-anyone-could},
	Year = {2014}}

@incollection{Anzaldua02,
	Author = {Gloria Evangelina Anzald\'{u}a},
	BookTitle = {This Bridge We Call Home: Radical Visions for Transformation},
	Chapter = {Preface},
	Editor = {Gloria Evangelina Anzald\'{u}a and AnaLouise Keating},
	Pages = {1--5},
	Publisher = {Routledge},
	Title = {(Un)natural bridges, (Un)safe spaces},
	Year = {2002}}

@incollection{Bartky90,
	Address = {New York, NY},
	Author = {Sandra Lee Bartky},
	BookTitle = {Feminist Theory Reader: Local and Global Perspectives},
	Chapter = {38},
	Edition = {3},
	Editor = {Carole McCann and Seung-Kyung Kim},
	OriginalYear = {1990},
	Pages = {447--461},
	Publisher = {Routledge},
	Title = {Foucault, Femininity, and the Modernization of Patriarchal Power},
	Year = {2013}}

@article{Butler88,
	Author = {Judith Butler},
	Journal = {Theatre Journal},
	Number = {4},
	Pages = {519--531},
	Publisher = {The Johns Hopkins University Press},
	Title = {Performative Acts and Gender Constitution: An Essay in Phenomenology and Feminist Theory},
	URL = {http://www.jstor.org/stable/3207893},
	Volume = {40},
	Year = {1988}}

@incollection{CombaheeRiverCollective77,
	Address = {New York, NY},
	Author = {{Combahee River Collective}},
	BookTitle = {Home Girls, A {B}lack Feminist Anthology},
	Editor = {Barbara Smith},
	OriginalYear = {1977},
	Publisher = {Kithen Table: Women of Color Press},
	Title = {Combahee River Collective Statement},
	Year = {1983}}

@incollection{Crenshaw91,
	Address = {New York, NY},
	Author = {Kimberl\'{e} Crenshaw},
	BookTitle = {Feminist Frontiers},
	Edition = {9},
	Editor = {Verta Taylor and Nancy Whittier and Leila Rupp},
	OriginalJournal = {Stanford Law Review},
	OriginalYear = {1991},
	Pages = {414--421},
	Publisher = {McGraw-Hill Education},
	Title = {Mapping the Margins: Intersectionality, Identity Politics, and Violence against Women of Color},
	Year = {2011}}

@incollection{Declaration07,
	BookTitle = {The Essential Feminist Reader},
	Editor = {Estelle Freedman},
	OriginalYear = {1848},
	Title = {Declaration of Sentiments and Resolutions},
	Year = {2007}}

@book{Dicker08,
	Address = {Berkeley, CA},
	Author = {Rory Dicker},
	Publisher = {Seal Press},
	Title = {A History of {U}.{S}. Feminisms},
	Year = {2008}}

@incollection{Gould78,
	Address = {New York, NY},
	Author = {Lois Gould},
	BookTitle = {Women: Images and Realities},
	Edition = {3},
	Editor = {Amy Kesselman and Lily D. McNair and Nancy Schniedewind},
	OriginalYear = {1972},
	OriginalJournal = {Ms.},
	Pages = {110--115},
	Publisher = {McGraw-Hill Higher Education},
	Title = {X: A Fabulous Child's Story},
	Year = {2003}}

@book{GuySheftall95,
	Address = {New York},
	Editor = {Beverly Guy-Sheftall},
	Publisher = {The New Press},
	Title = {Words of Fire: An Anthology of {A}frican-{A}merican Feminist Thought},
	Year = {1995}}

@incollection{Harper95,
	Author = {Frances Ellen Watkins Harper},
	BookTitle = {Words of Fire: An Anthology of {A}frican-{A}merican Feminist Thought},
	Editor = {Beverly Guy-Sheftall},
	OriginalYear = {1893},
	Pages = {40--42},
	Title = {Woman's Political Future},
	Year = {1995}}

@article{Kincaid78,
	Author = {Jamaica Kincaid},
	Journal = {The New Yorker},
	Title = {Girl},
	URL = {http://www.thenewyorker.com/magazine/1978/06/26/girl},
	Year = {1978}}

@incollection{Lorde84,
	Address = {Berkeley, CA},
	Author = {Audre Lorde},
	BookTitle = {Sister Outsider: Essays and Speeches},
	OriginalYear = {1984},
	Pages = {110--114},
	Publisher = {Crossing Press},
	Title = {The Master's Tools Will Never Dismantle the Master's House},
	Year = {2007}}

@article{Lucal99,
	Author = {Betsy Lucal},
	Journal = {Gender and Society},
	Number = {6},
	Pages = {781--797},
	Publisher = {Sage Publications},
	Title = {What It Means to Be Gendered Me: Life on the Boundaries of a Dichotomous Gender System},
	URL = {http://www.jstor.org/stable/190440},
	Volume = {13},
	Year = {1999}}

@incollection{McIntosh89,
	Address = {New York, NY},
	Author = {Peggy McIntosh},
	BookTitle = {Feminist Frontiers},
	Edition = {9},
	Editor = {Verta Taylor and Nancy Whittier and Leila Rupp},
	OriginalJournal = {Peace and Freedom Magazine},
	OriginalYear = {1989},
	Pages = {11--17},
	Publisher = {McGraw-Hill Education},
	Title = {White Privilege: Unpacking the Invisible Knapsack},
	Year = {2011}}

@article{Mock11,
	Author = {Janet Mock},
	Journal = {Marie Claire},
	URL = {http://www.marieclaire.com/sex-love/advice/a6075/born-male/},
	Year = {2011}}

@incollection{Morgan68,
	Author = {Robin Morgan},
	BookTitle = {Redstockings First Literature List},
	Journal = {Redstockings},
	OriginalYear = {1968},
	Title = {No More Miss America},
	Year = {1969}}

@incollection{Rushin83,
	Address = {Latham, NY},
	Author = {Donna Kate Rushin},
	BookTitle = {This Bridge Called My Back: Writings by Radical Women of Color},
	Edition = {2nd},
	Editor = {Cherr\'{\i}e Moraga and Gloria Anzald\'{u}a},
	OriginalPublisher = {Persephone Press},
	OriginalYear = {1981},
	Pages = {xxi--xxii},
	Publisher = {Kitchen Table: Women of Color Press},
	Title = {The Bridge Poem},
	Year = {1983}}

@incollection{Smith90,
	Author = {Barbara Smith},
	BookTitle = {Making Face, Making Soul/Haciendo Caras: Creative and Critical Perspectives by Feminists of Color},
	Editor = {Gloria Evangelina Anzald\'{u}a},
	Pages = {25--28},
	Publisher = {Aunt Lute Books},
	Title = {Racism and Women's Studies},
	Year = {1990}}

@incollection{Stanton48,
	Address = {New Brunswick, NJ},
	Author = {Elizabeth Cady Stanton},
	BookTitle = {The Selected Papers of {E}lizabeth {C}ady {S}tanton and {S}usan {B}. {A}nthony},
	Editor = {Ann D. Gordon and Tamara Gaskell Miller and Arlene Kriv and Stacy Kinlock Sewell and Ann Pfau},
	OriginalYear = {1848},
	Number = {1},
	Publisher = {Rutgers University Press},
	Series = {In the School of Anti-Slavery, 1840--1866},
	Title = {Declaration of Sentiments and Resolutions},
	Year = {1997}}

@incollection{Steinem78,
	Author = {Gloria Steinem},
	BookAuthor = {Gloria Steinem},
	BookTitle = {Outrageous Acts and Everyday Rebellions},
	OriginalYear = {1978},
	Publisher = {Macmillan},
	Title = {If Men Could Menstruate},
	Year = {1983}}

@incollection{Stryker07,
	Author = {Susan Stryker},
	BookTitle = {Third Wave Feminism: A Critical Exploration},
	Editor = {Stacy Gillis and Gillian Howie and Rebecca Munford},
	Pages = {59--70},
	Title = {Transgender Feminism: Queering the Woman Question},
	Year = {2007}}

@incollection{Susan70,
	Address = {New York, NY},
	Author = {Barbara Susan},
	BookTitle = {Voices from Women's Liberation},
	Editor = {Leslie B. Tanner},
	Pages = {238--243},
	Publisher = {Signet},
	Title = {About My Consciousness Raising},
	Year = {1970}}

@book{Taylor11,
	Author = {Verta Taylor and Nancy Whittier and Leila Rupp},
	Edition = {9},
	ISBN = {0078026628},
	Publisher = {McGraw-Hill Education},
	Title = {Feminist Frontiers},
	Year = {2012}}

@incollection{Terrell91,
	Author = {Mary Church Terrell},
	BookTitle = {Words of Fire: An Anthology of {A}frican-{A}merican Feminist Thought},
	Editor = {Beverly Guy-Sheftall},
	OriginalYear = {1904},
	Pages = {64--68},
	Title = {The Progress of Colored Women},
	Year = {1991}}

@incollection{Yamada83,
	Address = {Latham, NY},
	Author = {Mitsuye Yamada},
	BookTitle = {This Bridge Called My Back: Writings by Radical Women of Color},
	Edition = {2nd},
	Editor = {Cherr\'{\i}e Moraga and Gloria Anzald\'{u}a},
	OriginalPublisher = {Persephone Press},
	OriginalYear = {1981},
	Pages = {35--40},
	Publisher = {Kitchen Table: Women of Color Press},
	Title = {Invisibility is an Unnatural Disaster: Reflections of an {A}sian {A}merican Woman},
	Year = {1983}}
