@incollection{Almodovar02,
	Address = {Chicago: IL},
	Author = {N. J. Almodovar},
	BookTitle = {Liberty for Women},
	Editor = {W. McElroy},
	Publisher = {Ivan R. Dee},
	Title = {For Their Own Good: The Results of the Prostitution Laws as Enforced by Cops, Politicians, and Judges},
	Year = {2002}}

@incollection{Bromberg97,
	Author = {Sarah Bromberg},
	BookTitle = {International Conference on Prostitution at {C}al {S}tate {U}niversity, {N}orthridge},
	Title = {Feminist Issues in Prostitution},
	URL = {http://feministissues.com},
	Year = {1997}}

@book{Engels84,
	Author = {Friedrich Engels},
	EnglishTitle = {The Origin of the Family, Private Property and the State},
	OriginalYear = {1884},
	Title = {Der {U}rspring der {F}amilie, des {P}rivateigenthums und des {S}taats},
	Year = {1902}}

@incollection{Hanisch70,
	Address = {New York, NY},
	Author = {Carol Hanisch},
	BookTitle = {Notes (From the Second Year): Women's Liberation},
	Editor = {Shulamith Firestone and Anne Koedt},
	Title = {The Personal is Political},
	Year = {1970}}

@incollection{Kollontai09,
	Author = {Alexandra Kollontai},
	BookTitle = {Selected Writings of Alexandra Kollontai},
	Editor = {Alix Holt},
	OriginalYear = {1909},
	Publisher = {Allison \& Busby},
	Title = {The Social Basis of the Woman Question},
	Translator = {Alix Holt},
	Year = {1977}}

@article{Lear68,
	Author = {Martha Weinman Lear},
	Journal = {The New York Times Magazine},
	Title = {The Second Feminist Wave},
	Year = {1968}}

@book{Lerner86,
	Address = {New York, NY},
	Author = {Gerda Lerner},
	Publisher = {Oxford University Press},
	Title = {The Creation of Patriarchy},
	Year = {1986}}

@book{Marx44,
	Address = {Moscow},
	Author = {Karl Marx},
	OriginalYear = {1844},
	Publisher = {Progress Publishers},
	Title = {Economic \& Philosophic Manuscripts of 1844},
	Translator = {Martin Mulligan},
	Year = {1959}}

@misc{RadicalWomen,
	Publisher = {Radical Women},
	Title = {About Us},
	URL = {http://www.radicalwomen.org/intro.shtml}}


@incollection{Rubin75,
	Address = {New York, NY},
	Author = {Gayle Rubin},
	BookTitle = {Toward an Anthropology of Women},
	Editor = {R. Reiter},
	Publisher = {Monthly Review Press},
	Title = {The Traffic in Women: Notes on the `Political Economy' of Sex},
	Year = {1975}}

@book{Vogel13,
	Author = {Lise Vogel},
	Title = {Marxism and the Oppression of Women: Toward a Unitary Theory},
	Year = {2013}}

@article{Walker92,
	Address = {New York, NY},
	Author = {Rebecca Walker},
	Journal = {Ms.},
	Pages = {39--41},
	Publisher = {Liberty Media for Women},
	Title = {Becoming the Third Wave},
	URL = {http://www.msmagazine.com/spring2002/BecomingThirdWaveRebeccaWalker.pdf},
	Year = {1992}}
