@misc{Westinen15,
	Address = {Washington, D.C.},
	Author = {E. Westinen},
	Howpublished = {Paper presented at the Georgetown University Round Table Conference},
	Title = {Migrant rap artists on/offline: Construction of ``new'' {F}innishness and beyond},
	Year = {2015}}

@book{Rickford00,
	Author = {J. R. Rickford and R. J. Rickford},
	Publisher = {Wiley},
	Title = {Spoken Soul: The Story of {B}lack {E}nglish},
	Year = {2000}}

@misc{West11b,
	Address = {New York, NY},
	Author = {Kanye West and Sean Carter and J. Altschuller and D. Krinsky and J. Cox and C. Cox and B. Philipps and A. W. Donaldson},
	Howpublished = {On \emph{Watch the throne} [{D}igital download]},
	Publisher = {Roc-A-Fella},
	Title = {Ni**as in {P}aris \emph{[{R}ecorded by {J}ay {Z} and {K}anye {W}est]}},
	Year = {2011}}

@misc{West11a,
	Address = {New York, NY},
	Author = {Kanye West and Sean Carter and J. Brown and J. Campbell and R. Connelly and Re Hammond and J. Roach and K. Robinson and H. Woods},
	Howpublished = {On \emph{Watch the throne} [{D}igital download]},
	Publisher = {Roc-A-Fella},
	Title = {Otis \emph{[{R}ecorded by {J}ay {Z} and {K}anye {W}est]}},
	Year = {2011}}

@misc{Palmunen14,
	Address = {Helsinki, Finland},
	Author = {O. Palmunen},
	Howpublished = {Single [Digital Download]},
	Publisher = {Monsp Records Oy},
	Title = {Prinsille Morsian \emph{[{R}ecorded by {P}rinssi {J}usuf ft. {I}ke]}},
	Year = {2014}}

@misc{Hodge15,
	Address = {Washington, D.C.},
	Author = {D. Hodge},
	Howpublished = {Paper presented at the Georgetown University Round Table Conference},
	Title = {Rap music: Constructing identity and building relationships through boasting, story rounds, and overlapping frames.},
	Year = {2014}}
