@article{Everett12,
	Author = {Caleb Everett and Keren Madora},
	Journal = {Cognitive Science},
	Pages = {130-141},
	Title = {Quantity recognition among speakers of an anumeric language},
	Volume = {36},
	Year = {2012}}

@article{Nevins04,
	Author = {M. Eleanor Nevins},
	Journal = {Journal of Linguistic Anthropology},
	Number = {2},
	Pages = {269-288},
	Title = {Learning to Listen: Confronting Two Meanings of Language Loss in the Contemporary {W}hite {M}ountain {A}pache Speech Community},
	Volume = {15},
	Year = {2004}}

@article{Wortham05,
	Author = {Stanton E. F. Wortham},
	Journal = {Journal of Linguistic Anthropology},
	Number = {1},
	Pages = {95-112},
	Title = {Socialization beyond the Speech Event},
	Volume = {15},
	Year = {2005}}

@incollection{Clancy87,
	Author = {Patricia M. Clancy},
	Booktitle = {Language Socialization Across Cultures},
	Chapter = {11},
	Editor = {Bambi B. Schieffelin and Elinor Ochs},
	Keywords = {Sociolinguistics},
	Pages = {213-250},
	Publisher = {Cambridge University Press},
	Title = {The acquisition of communicative style in {J}apanese},
	Volume = {3},
	Year = {1987}}

@article{Jaffe15,
	Author = {Alexandra Jaffe},
	Journal = {Language in Society},
	Number = {2},
	Pages = {161-186},
	Title = {Staging language on {C}orsica: Stance, improvisation, play, and heteroglosia},
	Volume = {44},
	Year = {2015}}

@article{Sicoli10,
	Author = {Mark A. Sicoli},
	Journal = {Language in Society},
	Pages = {521-553},
	Title = {Shifting voices with participant roles: Voice qualities and speech registers in {M}esoamerica},
	Volume = {39},
	Year = {2010}}

@article{Morford97,
	Author = {Janet Morford},
	Journal = {Journal of Linguistic Anthropology},
	Number = {1},
	Pages = {3-37},
	Title = {Social Indexicality in {F}rench Pronominal Address},
	Volume = {7},
	Year = {1997}}

@incollection{Agha07,
	Address = {Oxford, UK},
	Author = {Asif Agha},
	Booktitle = {A companion to Linguistic Anthropology},
	Editor = {Allesandro Duranti},
	Publisher = {Blackwell},
	Title = {Registers of Language}}

@book{Ahearn11,
	Address = {Oxford, UK},
	Author = {Laura M. Ahearn},
	Publisher = {Wiley-Blackwell},
	Title = {The Socially Charged Life of Language, in Living Language: An Introduction to Linguistic Anthropology},
	Year = {2011}}

@incollection{Silverstein76,
	Address = {Albuquerque, NM},
	Author = {Michaes Silverstein},
	Booktitle = {Meaning in Anthropology},
	Editor = {Keith H. Basso and Henry A. Selby},
	Publisher = {University of New Mexico Press},
	Title = {Shifters, Linguistic Categories, and Cultural Description},
	Year = {1976}}

@book{Malinowski35,
	Address = {New York},
	Author = {Bronis\l{}aw Malinowski},
	Publisher = {American Book Company},
	Title = {Coral Gardens and their Magic: A Study of the Methods of Tilling the Soil and of Agricultural Rites in the {T}robriand {I}slands},
	Volume = {Two},
	Year = {1935}}

@book{Foley97,
	Address = {Blackwell},
	Author = {W. A. Foley},
	Publisher = {Oxford},
	Series = {Language in Society Series},
	Title = {Anthropological linguistics: An introduction},
	Year = {1997}}

@incollection{Foley97a,
	Address = {Blackwell},
	Author = {W. A. Foley},
	Booktitle = {Anthropological linguistics: An introduction},
	Publisher = {Oxford},
	Series = {Language in Society Series},
	Title = {Cognitive Anthopology},
	Year = {1997}}

@article{Frank08,
	Author = {Michael C. Frank and Daniel L. Everett and Evelina Fedorenko and Edward Gibson},
	Journal = {Cognition},
	Pages = {819-824},
	Title = {Number as a cognitive technology: Evidence from {P}irah\~{a} language},
	Volume = {108},
	Year = {2008}}

@incollection{Lucy96,
	Author = {John A. Lucy},
	Booktitle = {Rethinking linguistic relativity},
	Editor = {John J. Gumperz and Stephen C. Levinson},
	Pages = {36-69},
	Publisher = {Cambridge University Press},
	Series = {Studies in the Social and Cultural Foundations of Language},
	Title = {Review of Empirical Research},
	Volume = {17},
	Year = {1996}}

@incollection{Foley97c,
	Address = {Blackwell},
	Author = {W. A. Foley},
	Booktitle = {Anthropological linguistics: An introduction},
	Publisher = {Oxford},
	Series = {Language in Society Series},
	Title = {Space},
	Year = {1997}}

@incollection{Lucy93,
	Author = {John A. Lucy},
	Booktitle = {Reflexive Language},
	Pages = {92-126},
	Publisher = {Cambridge University Press},
	Title = {Metapragmatic presentationals: reporting speech with quotatives in {Y}ucatec {M}aya},
	Year = {1993}}

@article{Gordon04,
	Author = {Peter Gordon},
	Journal = {Science},
	Month = {October},
	Pages = {496-499},
	Title = {Numerical cognition without words: Evidence from {A}mazonia},
	Volume = {306},
	Year = {2004}}

@incollection{Foley97b,
	Address = {Blackwell},
	Author = {W. A. Foley},
	Booktitle = {Anthropological linguistics: An introduction},
	Publisher = {Oxford},
	Series = {Language in Society Series},
	Title = {Linguistic Relativity and the {B}oasian Tradition},
	Year = {1997}}

@book{Agar95,
	Address = {New York},
	Author = {M. Agar},
	Publisher = {William Morrow},
	Title = {Language shock: Understanding the culture of conversation},
	Year = {1995}}
