%% This BibTeX bibliography file was created using BibDesk.
%% http://bibdesk.sourceforge.net/

%% Created for Edward Hernandez at 2015-10-28 17:08:00 -0400 


%% Saved with string encoding Unicode (UTF-8) 



@incollection{Lucy,
	Author = {John A. Lucy},
	Booktitle = {Reflexive Language},
	Date-Added = {2015-10-28 21:06:34 +0000},
	Date-Modified = {2015-10-28 21:07:58 +0000},
	Pages = {92-126},
	Publisher = {Cambridge University Press},
	Title = {Metapragmatic presentationals: reporting speech with quotatives in Yucatec Maya},
	Year = {1993}}

@article{Gordon04,
	Author = {P. Gordon},
	Date-Added = {2015-10-09 03:03:12 +0000},
	Date-Modified = {2015-10-09 03:03:50 +0000},
	Journal = {Science},
	Pages = {496-499},
	Title = {Numerical cognition without words: Evidence from Amazonia},
	Volume = {306},
	Year = {2004}}

@book{Foley97,
	Address = {Blackwell},
	Author = {W. A. Foley},
	Date-Added = {2015-10-09 03:02:19 +0000},
	Date-Modified = {2015-10-09 03:03:10 +0000},
	Publisher = {Oxford},
	Series = {Language in Society Series},
	Title = {Anthropological linguistics: An introduction},
	Year = {1997}}

@article{Everett12,
	Author = {C. Everett and K. Madora},
	Date-Added = {2015-10-09 03:01:38 +0000},
	Date-Modified = {2015-10-09 03:02:17 +0000},
	Journal = {Cognitive Science},
	Pages = {130-141},
	Title = {Quantity recognition among speakers of an anumeric language},
	Volume = {36},
	Year = {2012}}

@article{Crane90,
	Author = {T. Crane and D. H. Mellor},
	Date-Added = {2015-10-09 03:00:52 +0000},
	Date-Modified = {2015-10-09 03:01:35 +0000},
	Journal = {Mind},
	Pages = {185-206},
	Title = {There is no question of physicalism},
	Volume = {99},
	Year = {1990}}

@book{Agar95,
	Address = {New York},
	Author = {M. Agar},
	Date-Added = {2015-10-09 03:00:16 +0000},
	Date-Modified = {2015-10-09 03:00:49 +0000},
	Publisher = {William Morrow},
	Title = {Language shock: Understanding the culture of conversation},
	Year = {1995}}
