%% This BibTeX bibliography file was created using BibDesk.
%% http://bibdesk.sourceforge.net/

%% Created for Edward Hernandez at 2016-01-20 10:36:31 -0500 


%% Saved with string encoding Unicode (UTF-8) 



@article{LewisKraus15,
	Author = {Gideon Lewis-Kraus},
	Date-Added = {2016-01-20 15:35:32 +0000},
	Date-Modified = {2016-01-20 15:36:21 +0000},
	Journal = {The New York Times Magazine},
	Month = {June 4},
	Title = {Is Translation an Art or a Math Problem?},
	Url = {http://www.nytimes.com/2015/06/07/magazine/is-translation-an-art-or-a-math-problem.html},
	Year = {2015}}

@article{Kraft15,
	Author = {Dana Kraft},
	Date-Added = {2016-01-20 15:34:39 +0000},
	Date-Modified = {2016-01-20 15:35:16 +0000},
	Journal = {The New York Times},
	Month = {March 27},
	Title = {Can Data Stop Car Wrecks?},
	Url = {http://www.nytimes.com/2015/03/29/opinion/sunday/can-data-stop-car-wrecks.html},
	Year = {2015}}

@article{Brustein10,
	Author = {Joshua Brustein},
	Date-Added = {2016-01-20 15:33:37 +0000},
	Date-Modified = {2016-01-20 15:34:22 +0000},
	Journal = {The New York Times},
	Month = {October 31},
	Title = {Nation's Political Pulse, Taken Using Net Chatter},
	Url = {http://www.nytimes.com/2010/11/01/technology/01sentiment.html},
	Year = {2010}}

@article{Simonite15,
	Author = {Tom Simonite},
	Date-Added = {2016-01-20 15:31:24 +0000},
	Date-Modified = {2016-01-20 15:33:17 +0000},
	Journal = {MIT Technology Review},
	Month = {December 18},
	Title = {Google's Quantum Dream Machine},
	Url = {http://www.technologyreview.com/news/544421/googles-quantum-dream-machine/},
	Year = {2015}}

@book{Marr82,
	Author = {David Marr},
	Date-Added = {2016-01-20 15:30:03 +0000},
	Date-Modified = {2016-01-20 15:30:27 +0000},
	Publisher = {MIT Press},
	Title = {Vision},
	Year = {1982}}

@article{Marcus14,
	Author = {Gary Marcus and Ernest Davis},
	Date-Added = {2016-01-20 15:26:49 +0000},
	Date-Modified = {2016-01-20 15:28:22 +0000},
	Journal = {The New York Times},
	Month = {April 6},
	Title = {Eight (No, Nine!) Problems with Big Data},
	Url = {http://www.nytimes.com/2014/04/07/opinion/eight-no-nine-problems-with-big-data.html},
	Year = {2014}}

@incollection{Lewis01,
	Author = {John D. Lewis and Jeffrey L. Elman},
	Booktitle = {Proceedings of the 26th Annual Conference on Language Development},
	Date-Added = {2016-01-20 15:24:53 +0000},
	Date-Modified = {2016-01-20 15:26:07 +0000},
	Title = {Learnability and the statistical structure of language: Poverty of the stimulus arguments revisited},
	Year = {2001}}

@misc{Yang16,
	Author = {Charles Yang},
	Date-Added = {2016-01-20 15:18:24 +0000},
	Date-Modified = {2016-01-20 15:23:16 +0000},
	Month = {January 12},
	Title = {\emph{Big Data Considered Harmful [Web log post]}},
	Url = {http://facultyoflanguage.blogspot.com/2016/01/big-data-considered-harmful.html},
	Year = {2016}}

@article{Frank13,
	Author = {Robert Frank and Donald Mathis and William Badecker},
	Date-Added = {2016-01-20 15:17:13 +0000},
	Date-Modified = {2016-01-20 15:17:55 +0000},
	Journal = {Language Acquisition},
	Number = {3},
	Pages = {181-227},
	Title = {The acquisition of anaphora by simple recurrent networks},
	Volume = {20},
	Year = {2013}}

@misc{Smith15,
	Author = {Gordon Smith},
	Date-Added = {2016-01-20 15:13:30 +0000},
	Date-Modified = {2016-01-20 15:24:24 +0000},
	Month = {August 14},
	Title = {\emph{Corpus Linguistics in the Courts (Again) [Web log post]}},
	Url = {http://www.theconglomerate.org/2015/08/corpus-linguistics-in-the-courts-again.html},
	Year = {2015}}

@incollection{Leech05,
	Address = {Oxford},
	Author = {Geoffrey Leech},
	Booktitle = {Developing Linguistic Corpora: a Guide to Good Practice},
	Chapter = {2},
	Date-Added = {2016-01-20 15:11:36 +0000},
	Date-Modified = {2016-01-20 15:12:20 +0000},
	Editor = {Martin Wynne},
	Pages = {17-29},
	Publisher = {Oxbow Books},
	Title = {Adding Linguistic Annotation},
	Year = {2005}}

@incollection{Sinclair05,
	Address = {Oxford},
	Author = {John Sinclair},
	Booktitle = {Developing Linguistic Corpora: a Guide to Good Practice},
	Chapter = {1},
	Date-Added = {2016-01-20 15:10:06 +0000},
	Date-Modified = {2016-01-20 15:11:35 +0000},
	Editor = {Martin Wynne},
	Pages = {1-16},
	Publisher = {Oxbow Books},
	Title = {Corpus and Text - Basic Principles},
	Year = {2005}}

@book{Wynne05,
	Address = {Oxford},
	Date-Added = {2016-01-20 15:08:10 +0000},
	Date-Modified = {2016-01-20 15:09:58 +0000},
	Editor = {Martin Wynne},
	Publisher = {Oxbow Books},
	Title = {Developing Linguistic Corpora: a Guide to Good Practice},
	Url = {http://ota.ox.ac.uk/documents/creating/dlc/ },
	Year = {2005}}

@book{Chomsky65,
	Address = {Cambridge, MA},
	Author = {Noam Chomsky},
	Date-Added = {2016-01-20 15:06:32 +0000},
	Date-Modified = {2016-01-20 15:07:15 +0000},
	Publisher = {M.I.T. Press},
	Title = {Aspects of the Theory of Syntax}}

@article{Baraniuk14,
	Author = {Chris Baraniuk},
	Date-Added = {2016-01-20 15:05:07 +0000},
	Date-Modified = {2016-01-20 15:06:00 +0000},
	Journal = {BBC future},
	Title = {How online `chatbots' are already tricking you},
	Year = {2014}}

@article{Abney94,
	Author = {Steven P. Abney},
	Date-Added = {2016-01-20 15:04:03 +0000},
	Date-Modified = {2016-01-20 15:04:52 +0000},
	Journal = {Bell Communications Research},
	Title = {Parsing by Chunks},
	Year = {1994}}
