@book{Andrews75,
	Address = {Austin, TX},
	Author = {James Richard Andrews},
	Publisher = {University of Texas Press},
	Title = {Indroduction to {C}lassical {N}ahuatl},
	Year = {1975}}

@book{Bierhorst85a,
	Address = {Stanford, CA},
	Author = {John Bierhorst},
	Publisher = {Stanford University Press},
	Title = {\emph{{C}antares {M}exicanos}: Songs of the {A}ztecs},
	Year = {1985}}

@book{Bierhorst85b,
	Address = {Stanford, CA},
	Author = {John Bierhorst},
	Publisher = {Stanford University Press},
	Title = {A {N}ahuatl-{E}nglish Dictionary and Concordance to the \emph{{C}antares {M}exicanos}},
	Year = {1985}}

@article{Hansen10,
	Author = {Magnus Pharao Hansen},
	DOI = {10.1353/anl.2010.0017},
	Journal = {Anthropological Linguistics},
	Number = {3--4},
	Pages = {274--299},
	Title = {Polysynthesis in {H}ueyapan {N}ahuatl: The Status of Noun Phrases, Basic Word Order, and Other Concerns},
	Volume = {52},
	Year = {2010}}

@inProceedings{Haugen15,
	Author = {Jason D. Haugen},
	Booktitle = {Proceedings of {WSCLA} 20},
	Title = {Configurationality in {C}lassical {N}ahuatl},
	Year = {2015}}

@article{Hill11,
	Author = {Jane H. Hill},
	Journal = {Language Dynamics and Change},
	Number = {1},
	Pages = {241--278},
	Title = {Subgrouping in {U}to-{A}ztecan},
	Year = {2011}}

@book{Jordan16,
	Author = {David K. Jordan},
	OriginalYear = {1997},
	Title = {Inadequate {N}ahuatl Reference Grammar},
	Url = {http://pages.ucsd.edu/~dkjordan/nahuatl/nahugram.html},
	Year = {2016}}

@book{Karttunen84,
	Author = {Frances Karttunen},
	ISBN = {9780806124216},
	Publisher = {University of Oklahoma Press},
	Title = {An Analytical Dictionary of {N}ahuatl},
	Year = {1984}}

@book{Launey11,
	Address = {Cambridge, U.K.},
	Author = {M. Launey},
	EnglishTitle = {An Introduction to {C}lassical {N}ahuatl},
	OriginalYear = {1980},
	Publisher = {Cambridge University Press},
	Title = {Introduction \`{a} la langue et \`{a} la litt\'{e}rature azt\`{e}ques},
	Translator = {C. Mackay},
	Year = {2011}}


@book{Sullivan88,
	Address = {Salt Lake City, UT},
	Author = {Thelma D. Sullivan},
	Editor = {Wick R. Miller and Karen Dakin},
	EnglishTitle = {{T}helma {D}. {S}ullivan's compendium of {N}ahuatl grammar},
	OriginalPublisher = {Universidad Nacional Aut\'{o}noma de M\'{e}xico},
	OriginalYear = {1976},
	Publisher = {University of Utah Press},
	Title = {Compendio de la gram\'{a}tca n\'{a}huatl},
	Translator = {Thelma D. Sullivan and Neville Stiles},
	Year = {1988}}
