@online{AdverbPlacement,
	Title = {Adverb Placement},
	Url = {https://staff.washington.edu/marynell/grammar/AdverbPl.html}}
