%% Saved with string encoding Unicode (UTF-8) 

@book{Alexie07,
	Author = {Sherman Alexie},
	Publisher = {Hachette Book Group},
	Title = {The Absolutely True Diary of a Part-Time {I}ndian},
	Year = {2007}}

@book{CookLynn07,
	Author = {Elizabeth Cook-Lynn},
	Number = {59},
	Publisher = {The University of Arizona Press},
	Series = {Sun Tracks},
	Title = {Notebooks of Elizabeth Cook-Lynn},
	Year = {2007}}

@book{Erdrich12,
	Author = {Louise Erdrich},
	Edition = {Reprint},
	Publisher = {Harper},
	Title = {The Round House: A Novel},
	Year = {2012}}

@book{Harjo04,
	Author = {Joy Harjo},
	Publisher = {W. W. Norton \& Company},
	Title = {How We Became Human: New and Selected Poems 1975--2002},
	Year = {2004}}

@book{Hill10,
	Author = {Gord Hill},
	Publisher = {Arsenal Pulp Press},
	Title = {The 500 Years of Resistance Comic Book},
	Year = {2010}}

@incollection{Justice09,
	Author = {Daniel Heath Justice},
	Booktitle = {Across Cultures/Across Borders: {C}anadian {A}boriginal and {N}ative {A}merican Literatures},
	Editor = {Paul DePasquale and Renate Eigenbrod and Emma LaRocque},
	Pages = {61--76},
	Publisher = {Broadview Press},
	Title = {A Relevant Resonance: Considering the Study of Indigenous National Literatures},
	Year = {2009}}

@book{Howe13,
	Author = {LeAnne Howe},
	Publisher = {Aunt Lute Books},
	Title = {Chocktalking on Other Realities},
	Year = {2013}}

@book{King93,
	Author = {Thomas King},
	Publisher = {Houghton Mifflin},
	Title = {Green Grass, Running Water},
	Year = {1993}}

@book{MarmonSilko77,
	Author = {Leslie {Marmon Silko}},
	Publisher = {Penguin Books},
	Title = {Ceremony},
	Year = {1977}}

@online{mila,
	Lastchecked = {August 29, 2016},
	Title = {Mapping Indigenous LA},
	Url = {https://mila.ss.ucla.edu/}}

@book{Momaday69,
	Author = {N. Scott Momaday},
	Publisher = {University of New Mexico Press},
	Title = {The Way to {R}ainy {M}ountain},
	Year = {1969}}

@incollection{Schneider05,
	Author = {Bethany Ridgway Schneider},
	Booktitle = {A Companion to the Literatures of Colonial {A}merica},
	Chapter = {10},
	Doi = {10.1111/b.9781405112918.2005.00013.x},
	Editor = {Susan Castillo and Ivy Schweitzer},
	Pages = {159--173},
	Publisher = {Blackwell},
	Title = {Reading for {I}ndian Resistance},
	Year = {2005}}

@book{Simpson15,
	Author = {Leanne Simpson},
	Publisher = {Arbeiter Ring Publishing},
	Title = {Islands of Decolonial Love},
	Year = {2013}}

@book{TeiYamashita94,
	Author = {Karen {Tei Yamashita}},
	Publisher = {Coffee House Press},
	Title = {Tropic of Orange},
	Year = {1997}}

@book{Treuer12,
	Author = {Anton Treuer},
	Publisher = {Minnesota Historical Society Press},
	Title = {Everything You Wanted to Know About {I}ndians But Were Afraid to Ask},
	Year = {2012}}

@book{Treuer13,
	Address = {Saint Paul, MN},
	Author = {David Treuer},
	Publisher = {Graywolf Press},
	Title = {{N}ative {A}merican Fiction: A User's Manual},
	Year = {2013}}

@book{Welch74,
	Author = {James Welch},
	Publisher = {Harper \& Row},
	Title = {Winter in the Blood},
	Year = {1974}}
