@online{BIA,
	Publisher = {US Department of the Interior Indian Affairs},
	Title = {Frequently Asked Questions},
	Url = {http://www.bia.gov/FAQs/}}

@article{Coolrogue10,
	Author = {Coolrouge},
	Title = {Re: Why do Native Americans join the military?},
	Url = {https://answers.yahoo.com/question/index?qid=20110307072922AAFERFn},
	Year = {2010}}

@article{Flick99,
	Author = {Jane Flick},
	Journal = {Canadian Literature},
	Number = {161--162},
	Title = {Reading Notes for {T}homas {K}ing's \emph{{G}reen {G}rass, {R}unning {W}ater}},
	Url = {https://canlit.ca/wp-content/uploads/2015/01/canlit161-162-ReadingFlick.pdf},
	Year = {1999}}

@article{Gover15,
	Author = {Kevin Gover},
	Journal = {The Huffington Post},
	Title = {{A}merican {I}ndians Serve in the {U}.{S}. Military in Greater Numbers Than Any Ethnic Group and Have Since the Revolution},
	Url = {http://www.huffingtonpost.com/national-museum-of-the-american-indian/american-indians-serve-in-the-us-military_b_7417854.html},
	Year = {2015}}

@article{ICTMN13,
	Author = {{ICTMN staff}},
	Journal = {Indian Country Today Media Network},
	Title = {{E}lijah {H}arper, Iconic {A}boriginal Leader Who Scuttled {M}eech {L}ake {A}ccord, Walks On},
	Year = {2013}}

@article{Lemay12,
	Author = {Konnie Lemay},
	Journal = {Indian Country Today Media Network},
	Title = {A Brief Histor of {A}merican {I}ndian Mility Service},
	Url = {http://indiancountrytodaymedianetwork.com/2012/05/28/brief-history-american-indian-military-service-115318},
	Year = {2012}}

@video{Low82,
	Director = {Colin Low},
	Producer = {Tom Daly},
	Publisher = {National Film Board of Canada},
	Title = {Standing Alone},
	Year = {1982}}

@article{MacGregor90,
	Author = {Roy MacGregor},
	Journal = {Windspeaker},
	Publisher = {Aboriginal Munli-Media Society},
	OriginalJournal = {Ottawa Citizen},
	Title = {The feather, {E}lijah {H}arper and {M}eech {L}ake},
	Year = {1990}}

@inCollection{Marshall13,
	Author = {Tabitha Marshall},
	BookTitle = {The Canadian Encyclopedia},
	Title = {Elijah Harper},
	Url = {http://www.thecanadianencyclopedia.ca/en/article/elijah-harper/},
	Year = {2013}}

@article{Murray15,
	Author = {David Murray},
	Journal = {Great Falls Tribune},
	Title = {\$54 million offered for tribal land on {F}ort {B}elknap {R}eservation},
	Year = {2015}}

@article{Pilkington11,
	Author = {Ed Pilkington},
	Journal = {The Guardian},
	Title = {Why {N}ative {A}mericans fight and die for the same {US} army that slew their ancestors},
	Url = {https://www.theguardian.com/world/2011/sep/06/native-americans-fighting-us-military},
	Year = {2011}}

@online{RoyalRangers,
	Title = {Royal Rangers},
	Url = {http://royalrangers.com}}

@online{TEEIC,
	Title = {Tribal and {I}ndian Land},
	Publisher = {Tribal Energy and Environmental Information Clearinghouse},
	Url = {http://teeic.indianaffairs.gov/triballand/}}

@article{Trahant12,
	Author = {Mark Trahant},
	HowPublished = {web},
	Journal = {Indian Country Today Media Network},
	Title = {Elections 2012: A Native Legislator Saves {C}anada},
	Year = {2012}}
