%% This BibTeX bibliography file was created using BibDesk.
%% http://bibdesk.sourceforge.net/

%% Created for Edward Hernandez at 2015-12-09 16:32:02 -0500 


%% Saved with string encoding Unicode (UTF-8) 



@article{Walton07,
	Author = {G. M. Walton and G. L. Cohen},
	Date-Added = {2015-12-09 20:49:15 +0000},
	Date-Modified = {2015-12-09 20:50:24 +0000},
	Journal = {Journal of Personality and Social Psychology},
	Number = {1},
	Pages = {82-96},
	Title = {A question of belonging: Race, social fit, and achievement},
	Volume = {92},
	Year = {2007}}

@incollection{Walker03,
	Author = {Alice Walker},
	Booktitle = {In Love \& Trouble: Stories of Black Women},
	Date-Added = {2015-12-09 20:47:34 +0000},
	Date-Modified = {2015-12-09 20:48:39 +0000},
	Edition = {Reprint},
	Publisher = {Mariner Books},
	Title = {The Revenge of {H}annah {K}emhuff},
	Year = {2003}}

@book{Troupe06,
	Address = {Minneapolis, MN},
	Author = {Quincy Troupe},
	Date-Added = {2015-12-09 20:44:21 +0000},
	Date-Modified = {2015-12-09 20:45:39 +0000},
	Publisher = {Coffee House Press},
	Title = {The Architecture of Language : Poems},
	Year = {2006}}

@book{Thiroux11,
	Author = {Jacques P. Thiroux and Keth W. Krasemann},
	Date-Added = {2015-12-09 20:40:33 +0000},
	Date-Modified = {2015-12-09 20:42:58 +0000},
	Edition = {11th},
	Publisher = {Pearson},
	Title = {Ethics: Theory and Practice},
	Year = {2011}}

@book{Morrison87,
	Author = {Toni Morrison},
	Date-Added = {2015-12-09 20:39:27 +0000},
	Date-Modified = {2015-12-09 20:40:13 +0000},
	Publisher = {Alfred Knopf},
	Title = {Beloved},
	Year = {1987}}

@article{Lee12,
	Author = {Jennifer Lee},
	Date-Added = {2015-12-09 20:38:08 +0000},
	Date-Modified = {2015-12-09 20:39:25 +0000},
	Journal = {Bellvue Literary Review},
	Number = {1},
	Pages = {38-48},
	Title = {Terminal Device},
	Volume = {12},
	Year = {2012}}

@incollection{Dumas74,
	Address = {New York, NY},
	Author = {Henry Dumas},
	Booktitle = {Ark of Bones and Other Stories},
	Date-Added = {2015-12-09 20:32:23 +0000},
	Date-Modified = {2015-12-09 20:37:24 +0000},
	Editor = {Eugene B. Redmond},
	Pages = {3-18},
	Publisher = {Random House},
	Title = {Ark of Bones},
	Year = {1974}}

@book{DasGupta99,
	Author = {Sayantani DasGupta},
	Date-Added = {2015-12-09 20:31:09 +0000},
	Date-Modified = {2015-12-09 20:32:08 +0000},
	Edition = {1},
	Publisher = {Fawcett},
	Title = {Her Own Medicine: A Woman's Journey from Student to Doctor},
	Year = {1999}}

@book{Fadiman97,
	Author = {Anne Fadiman},
	Date-Added = {2015-12-09 20:31:02 +0000},
	Date-Modified = {2015-12-09 20:31:02 +0000},
	Publisher = {Farrar, Straus, and Giroux},
	Title = {The Spirit Catches You and You Fall Down: A {H}mong Child, Her {A}merican Doctors, and the Collision of Two Cultures},
	Year = {1997}}

@article{Dias13b,
	Author = {Brian G. Dias and Sunayana B. Banerjee and Jared V. Goodman and Kerry J. Ressler},
	Date-Added = {2015-12-09 20:27:58 +0000},
	Date-Modified = {2015-12-09 20:29:52 +0000},
	Doi = {10.1016/j.conb.2013.01.013},
	Journal = {Current Opinion in Neurobiology},
	Number = {3},
	Pages = {346-352},
	Title = {Towards new approaches to disorders of fear and anxiety},
	Volume = {23},
	Year = {2103},
	Bdsk-Url-1 = {http://dx.doi.org/10.1016/j.conb.2013.01.013}}

@misc{Cunningham,
	Author = {Tim Cunningham},
	Date-Added = {2015-12-09 20:23:52 +0000},
	Date-Modified = {2015-12-09 20:24:38 +0000},
	Howpublished = {Blog Post},
	Title = {Fatima},
	Url = {https://pfmhcolumbia.wordpress.com/2015/01/04/tim-cunningham-fatima/},
	Year = {2015},
	Bdsk-Url-1 = {https://pfmhcolumbia.wordpress.com/2015/01/04/tim-cunningham-fatima/}}

@book{Verghese10,
	Author = {Abraham Verghese},
	Date-Added = {2015-12-09 20:20:44 +0000},
	Date-Modified = {2015-12-09 20:21:33 +0000},
	Edition = {1st},
	Publisher = {Vintage Books},
	Title = {Cutting for Stone},
	Year = {2010}}

@book{Story10,
	Author = {Rosalyn Story},
	Date-Added = {2015-12-09 20:19:25 +0000},
	Date-Modified = {2015-12-09 20:20:28 +0000},
	Edition = {First},
	Publisher = {Agate Bolden},
	Title = {Wading Home: A Novel of {N}ew {O}rleans},
	Year = {2010}}

@book{Small10,
	Author = {David Small},
	Date-Added = {2015-12-09 20:18:03 +0000},
	Date-Modified = {2015-12-09 20:19:07 +0000},
	Edition = {Reprint},
	Publisher = {W. W. Norton \& Company},
	Title = {Stitches: A Memoir},
	Year = {2010}}

@book{Auld13,
	Author = {Alexei Auld},
	Date-Added = {2015-12-09 20:16:29 +0000},
	Date-Modified = {2015-12-09 20:17:43 +0000},
	Publisher = {TemRose},
	Title = {{T}onto {C}anto {P}ocahontas},
	Year = {2013}}

@book{Brock12,
	Address = {Boston},
	Author = {Nakashima Brock and Gabriella Lettini},
	Date-Added = {2015-12-09 15:26:59 +0000},
	Date-Modified = {2015-12-09 15:26:59 +0000},
	Publisher = {Beacon Press},
	Title = {Soul Repair: Recovering from Moral Injury after War},
	Year = {2012}}

@unpublished{Brock15,
	Author = {Rita Nakashima Brock and Joanne Braxton},
	Date-Added = {2015-12-09 15:26:59 +0000},
	Date-Modified = {2015-12-09 15:26:59 +0000},
	Note = {Video Interview},
	Title = {What is Moral Injury and What Can We Do About It?},
	Year = {2015}}

@book{vanDernoot09,
	Address = {San Fransisco},
	Author = {Laura van~Dernoot~Lipsky and Connie Burk},
	Date-Added = {2015-12-09 15:24:40 +0000},
	Date-Modified = {2015-12-09 15:24:40 +0000},
	Publisher = {Berrett-Koehler},
	Title = {Trauma Stewardship: An Everyday Guide to Caring for Self While Caring for Others},
	Year = {2009}}

@book{Morrison12,
	Address = {New York},
	Author = {Toni Morrison},
	Date-Added = {2015-12-09 15:24:20 +0000},
	Date-Modified = {2015-12-09 15:24:20 +0000},
	Publisher = {Knopf},
	Title = {Home},
	Year = {2012}}

@book{Charon06,
	Address = {New York},
	Author = {Rita Charon},
	Date-Added = {2015-12-09 15:24:15 +0000},
	Date-Modified = {2015-12-09 15:24:15 +0000},
	Publisher = {Oxford University Press},
	Title = {Narrative Medicine: Honoring the Stories of Illness},
	Year = {2006}}

@article{Dias13a,
	Author = {Brian G. Dias and Kerry J. Ressler},
	Date-Added = {2015-12-09 15:24:15 +0000},
	Date-Modified = {2015-12-09 20:28:04 +0000},
	Doi = {10.1038/nn.3594},
	Journal = {Nature Neuroscience},
	Month = {January},
	Number = {1},
	Pages = {89-99},
	Title = {Parental olfactory experience influences behavior and neural structure in subsequent generations},
	Volume = {17},
	Year = {2013},
	Bdsk-Url-1 = {http://dx.doi.org/10.1038/nn.3594}}
