%% This BibTeX bibliography file was created using BibDesk.
%% http://bibdesk.sourceforge.net/

%% Created for Edward Hernandez at 2015-11-17 16:25:24 -0500 


%% Saved with string encoding Unicode (UTF-8) 



@book{Shay95,
	Author = {Jonathan Shay},
	Date-Added = {2015-10-30 10:19:07 +0000},
	Date-Modified = {2015-10-30 10:20:05 +0000},
	Publisher = {Simon \& Schuster},
	Title = {Achilles in Vietnam: Combat Trauma and the Undoing of Character},
	Year = {1995}}

@article{Love10,
	Author = {Catherine Love and Richard J. Davis and Kristin M. Rankin and James W. Collins Jr.},
	Date-Added = {2015-10-08 13:34:58 +0000},
	Date-Modified = {2015-10-30 08:44:14 +0000},
	Journal = {American Journal of Epidemiology},
	Month = {June},
	Number = {2},
	Pages = {127-134},
	Title = {Exploring Weathering: Effects of Lifelong Economic Environment and Maternal Age on Low Birth Weight, Small for Gestational Age, and Preterm Birth in African-American and White Women},
	Volume = {172},
	Year = {2010}}

@article{Spettel11,
	Author = {Sarah Spettel and Mark Donald White},
	Date-Added = {2015-10-08 13:22:37 +0000},
	Date-Modified = {2015-10-30 08:48:15 +0000},
	Journal = {The Journal of Urology},
	Pages = {2424-2427},
	Title = {The Portrayal of J. Marion Sims' Controversial Surgical Legacy},
	Volume = {185},
	Year = {2011}}

@article{Qureshi04,
	Author = {Sadiah Qureshi},
	Date-Added = {2015-10-08 13:09:24 +0000},
	Date-Modified = {2015-10-30 08:43:43 +0000},
	Journal = {History of Science},
	Pages = {233-257},
	Title = {Displaying Sara Baartman, the 'Hottentot Venus'},
	Volume = {42},
	Year = {2004}}

@article{Litz09,
	Author = {Brett T. Litz and Nathan Stein and Eileen Delaney and Leslie Lebowitz and William P. Nash and Caroline Silva and Shira Maguen},
	Date-Added = {2015-10-08 10:59:19 +0000},
	Date-Modified = {2015-10-30 08:45:30 +0000},
	Journal = {Clinical Psychology Review},
	Month = {December},
	Number = {8},
	Pages = {695-706},
	Title = {Moral injury and moral repair in war veterans: A preliminary model and intervention strategy},
	Volume = {29},
	Year = {2009}}

@article{Dias14,
	Author = {Brian G. Dias and Kerry J. Ressler},
	Date-Added = {2015-10-08 09:42:50 +0000},
	Date-Modified = {2015-10-30 08:44:28 +0000},
	Journal = {Nature Neuroscience},
	Month = {January},
	Number = {1},
	Pages = {89-99},
	Title = {Parental olfactory experience influences behavior and neural structure in subsequent generations},
	Volume = {17},
	Year = {2014}}

@article{Cohen12,
	Author = {Leah Hager Cohen},
	Date-Added = {2015-10-08 08:29:35 +0000},
	Date-Modified = {2015-11-17 21:10:25 +0000},
	Journal = {New York Times},
	Title = {Point of Return: 'Home,' a Novel by Toni Morrison},
	Volume = {Sunday Book Review},
	Year = {2012}}

@book{Charon06,
	Address = {New York},
	Author = {Rita Charon},
	Date-Added = {2015-10-08 08:25:04 +0000},
	Date-Modified = {2015-10-30 08:46:04 +0000},
	Publisher = {Oxford University Press},
	Title = {Narrative Medicine: Honoring the Stories of Illness},
	Year = {2006}}

@unpublished{Brock15,
	Author = {Rita Nakashima Brock and Joanne Braxton},
	Date-Added = {2015-10-08 08:17:43 +0000},
	Date-Modified = {2015-10-30 08:49:24 +0000},
	Note = {Video Interview},
	Title = {What is Moral Injury and What Can We Do About It?},
	Year = {2015}}

@book{vanDernoot09,
	Address = {San Fransisco},
	Author = {Laura van~Dernoot~Lipsky and Connie Burk},
	Date-Added = {2015-10-08 08:08:28 +0000},
	Date-Modified = {2015-10-30 08:49:18 +0000},
	Publisher = {Berrett-Koehler},
	Title = {Trauma Stewardship: An Everyday Guide to Caring for Self While Caring for Others},
	Year = {2009}}

@book{Brock12,
	Address = {Boston},
	Author = {Nakashima Brock and Gabriella Lettini},
	Date-Added = {2015-10-08 08:03:45 +0000},
	Date-Modified = {2015-10-30 08:47:35 +0000},
	Publisher = {Beacon Press},
	Title = {Soul Repair: Recovering from Moral Injury after War},
	Year = {2012}}

@book{Morrison12,
	Address = {New York},
	Author = {Toni Morrison},
	Date-Added = {2015-10-08 07:43:18 +0000},
	Date-Modified = {2015-10-30 08:44:57 +0000},
	Publisher = {Knopf},
	Title = {Home},
	Year = {2012}}
