%% This BibTeX bibliography file was created using BibDesk.
%% http://bibdesk.sourceforge.net/

%% Created for Edward Hernandez at 2015-10-08 09:36:05 -0400 


%% Saved with string encoding Unicode (UTF-8) 



@article{weathering,
	Author = {Catherine Love and Richard J. Davis and Kristin M. Rankin and James W. Collins Jr.},
	Date-Added = {2015-10-08 13:34:58 +0000},
	Date-Modified = {2015-10-08 13:36:03 +0000},
	Journal = {American Journal of Epidemiology},
	Month = {June},
	Number = {2},
	Pages = {127-134},
	Title = {Exploring Weathering: Effects of Lifelong Economic Environment and Maternal Age on Low Birth Weight, Small for Gestational Age, and Preterm Birth in African-American and White Women },
	Volume = {172},
	Year = {2010}}

@article{sims,
	Author = {Sarah Spettel and Mark Donald White},
	Date-Added = {2015-10-08 13:22:37 +0000},
	Date-Modified = {2015-10-08 13:23:48 +0000},
	Journal = {The Journal of Urology},
	Pages = {2424-2427},
	Title = {The Portrayal of J. Marion Sims' Controversial Surgical Legacy},
	Volume = {185},
	Year = {2011}}

@article{sara,
	Author = {Sadiah Qureshi},
	Date-Added = {2015-10-08 13:09:24 +0000},
	Date-Modified = {2015-10-08 13:11:24 +0000},
	Journal = {History of Science},
	Pages = {233-257},
	Title = {Displaying Sara Baartman, the 'Hottentot Venus'},
	Volume = {42},
	Year = {2004}}

@article{psych,
	Author = {Brett T. Litz and Nathan Stein and Eileen Delaney and Leslie Lebowitz and William P. Nash and Caroline Silva and Shira Maguen},
	Date-Added = {2015-10-08 10:59:19 +0000},
	Date-Modified = {2015-10-08 11:02:16 +0000},
	Journal = {Clinical Psychology Review},
	Month = {December},
	Number = {8},
	Pages = {695-706},
	Title = {Moral injury and moral repair in war veterans: A preliminary model and intervention strategy},
	Volume = {29},
	Year = {2009}}

@article{dias,
	Author = {Brian G. Dias and Kerry J. Ressler},
	Date-Added = {2015-10-08 09:42:50 +0000},
	Date-Modified = {2015-10-08 09:44:48 +0000},
	Journal = {Nature Neuroscience},
	Month = {January},
	Number = {1},
	Pages = {89-99},
	Title = {Parental olfactory experience influences behavior and neural structure in subsequent generations},
	Volume = {17},
	Year = {2014}}

@article{point-of-return,
	Author = {Leah Hager Cohen},
	Date-Added = {2015-10-08 08:29:35 +0000},
	Date-Modified = {2015-10-08 08:30:47 +0000},
	Journal = {New York Times},
	Title = {Point of Return: 'Home,' a Novel by Toni Morrison},
	Volume = {Sunday Book Review},
	Year = {2012}}

@book{narrative-medicine,
	Address = {New York},
	Author = {Rita Charon},
	Date-Added = {2015-10-08 08:25:04 +0000},
	Date-Modified = {2015-10-08 08:26:30 +0000},
	Publisher = {Oxford University Press},
	Title = {Narrative Medicine: Honoring the Stories of Illness},
	Year = {2006}}

@unpublished{moral-injury,
	Author = {Rita Nakashima Brock and Joanne Braxton},
	Date-Added = {2015-10-08 08:17:43 +0000},
	Date-Modified = {2015-10-08 08:23:54 +0000},
	Note = {Video Interview},
	Title = {What is Moral Injury and What Can We Do About It?},
	Year = {2015}}

@book{trauma-stewardship,
	Address = {San Fransisco},
	Author = {Laura van Dernoot Lipsky and Connie Burk},
	Date-Added = {2015-10-08 08:08:28 +0000},
	Date-Modified = {2015-10-08 08:49:30 +0000},
	Publisher = {Berrett-Koehler},
	Title = {Trauma Stewardship: An Everyday Guide to Caring for Self While Caring for Others},
	Year = {2009}}

@book{soul-repair,
	Address = {Boston},
	Author = {Nakashima Brock and Gabriella Lettini},
	Date-Added = {2015-10-08 08:03:45 +0000},
	Date-Modified = {2015-10-08 08:05:52 +0000},
	Publisher = {Beacon Press},
	Title = {Soul Repair: Recovering from Moral Injury after War},
	Year = {2012}}

@book{home,
	Address = {New York},
	Author = {Toni Morrison},
	Date-Added = {2015-10-08 07:43:18 +0000},
	Date-Modified = {2015-10-08 07:53:46 +0000},
	Publisher = {Knopf},
	Title = {Home},
	Year = {2012}}
