@book{Zsiga13,
	Author = {Elizabeth C. Zsiga},
	Publisher = {Wiley-Blackwell},
	Title = {The Sounds of Language: An Introduction to Phonetics and Phonology},
	Year = {2013}}
