@book{Baker2,
	Author = {G. P. Baker and P. M. S. Hacker},
	Edition = {2},
	Publisher = {Wiley-Blackwell},
	Series = {An Analytical Commentary on the {P}hilosophical {I}nvestigations},
	Title = {{W}ittgenstein: Rules, Grammar and Necessity},
	Volume = {2},
	Year = {2009}}

@book{Baker3,
	Author = {P. M. S. Hacker},
	Publisher = {Wiley-Blackwell},
	Series = {An Analytical Commentary on the {P}hilosophical {I}nvestigations},
	Title = {{W}ittgenstein: Meaning and Mind},
	Volume = {3},
	Year = {1991}}

@book{Baker4,
	Author = {P. M. S. Hacker},
	Publisher = {Wiley-Blackwell},
	Series = {An Analytical Commentary on the {P}hilosophical {I}nvestigations},
	Title = {{W}ittgenstein: Mind and Will},
	Volume = {4},
	Year = {2000}}

@book{Baker1,
	Author = {G. P. Baker and P. M. S. Hacker},
	Edition = {2},
	Publisher = {Wiley-Blackwell},
	Series = {An Analytical Commentary on the {P}hilosophical {I}nvestigations},
	Title = {{W}ittgenstein: Understanding and Meaning},
	Volume = {1},
	Year = {2005}}

@book{McGinn97,
	Address = {New York},
	Author = {Marie McGinn},
	Publisher = {Routledge},
	Series = {Routledge Guides to the Great Books},
	Title = {The {R}outledge Guidebook to {W}ittgenstein's {P}hilosophical {I}nvestigations},
	Year = {1997}}

@book{Monk90,
	Address = {New York},
	Author = {Ray Monk},
	Publisher = {Penguin Books},
	Title = {{L}udwig {W}ittgenstein: The Duty of Genius},
	Year = {1990}}

@book{Wittgenstein22,
	Author = {Ludwig Wittgenstein},
	Publisher = {Dover Publications},
	originalpublisher = {Kegan Paul},
	title = {Logisch-Philosophische Abhandlung},
	englishtitle = {Tractatus Logico-Philosophicus},
	Translator = {Frank P. Ramsey and C. K. Ogden},
	year = {2012},
	originalyear = {1922}}

@book{Wittgenstein53,
	Address = {Oxford},
	Author = {Wittgenstein, Ludwig},
	Publisher = {Basil Blackwell},
	Title = {Philosophische Untersuchungen},
	englishtitle = {Philosophical Investigations},
	Translator = {G. E. M. Anscombe},
	originalyear = {1953},
	year = {1986}}

@book{Wittgenstein69,
	Author = {Ludwig Wittgenstein},
	Editor = {G. E. M. Anscombe and G. H. von~Wright},
	Publisher = {Basil Blackwell},
	Title = {\"{U}ber Gewi{\ss}heit},
	englishtitle = {On Certainty},
	Translator = {Denis Paul and G. E. M. Anscombe},
	year = {1975},
	originalyear = {1969}}
