%% This BibTeX bibliography file was created using BibDesk.
%% http://bibdesk.sourceforge.net/

%% Created for Edward Hernandez at 2015-12-06 22:38:27 -0500 


%% Saved with string encoding Unicode (UTF-8) 



@book{Russell12,
	Author = {Bertrand Russell},
	Editor = {Andrew Chrucky},
	Publisher = {Home University Library},
	Title = {The Problems of Philosophy},
	Url = {http://www.ditext.com/russell/russell.html},
	Year = {1912},
	Bdsk-Url-1 = {http://www.ditext.com/russell/russell.html}}

@webpage{Robinson10,
	Author = {Alistair Robinson},
	Howpublished = {Blog Post},
	Title = {Notes on {M}oore's Proof of an External World},
	Url = {http://critique-of-pure-reason.com/},
	Year = {2010},
	Bdsk-Url-1 = {http://critique-of-pure-reason.com/}}

@incollection{DeRose99,
	Author = {Keith DeRose},
	Booktitle = {Skepticism: A Contemporary Reader},
	Editor = {Keith DeRose and Ted A. Warfield},
	Publisher = {Oxford University Press},
	Title = {Responding to Skepticism},
	Year = {1999}}

@misc{Preston,
	Author = {Aaron Preston},
	Booktitle = {Internet Encyclopedia of Philosophy},
	Journal = {Internet Encyclopedia of Philosophy},
	Title = {{G}eorge {E}dward {M}oore (1873---1958)},
	Url = {http://www.iep.utm.edu/moore/},
	Bdsk-Url-1 = {http://www.iep.utm.edu/moore/}}

@incollection{Moore25,
	Author = {G. E. Moore},
	Booktitle = {Contemporary {B}ritish Philosophy},
	Editor = {J. H. Muirhead},
	Pages = {193-223},
	Publisher = {Allen and Unwin},
	Title = {A Defense of Common Sense},
	Year = {1925}}

@inproceedings{Moore39,
	Author = {G. E. Moore},
	Booktitle = {Proceedings of the {B}ritish {A}cademy},
	Pages = {273-300},
	Title = {Proof of an External World},
	Volume = {25},
	Year = {1939}}

@book{Hanfling02,
	Author = {Oswald Hanfling},
	Publisher = {Routledge},
	Title = {{W}ittgenstein and the Human Form of Life},
	Year = {2002}}

@book{Damasio08,
	Author = {Antonio Damasio},
	Publisher = {Random House},
	Title = {{D}escartes' Error: Emotion, Reason and the Human Brain},
	Year = {2008}}

@misc{Grayling,
	Author = {A. C. Grayling},
	Title = {{W}ittgenstein on Scepticism and Certainty},
	Url = {http://www.acgrayling.com/wittgenstein-on-scepticism-and-certainty},
	Bdsk-Url-1 = {http://www.acgrayling.com/wittgenstein-on-scepticism-and-certainty}}

@misc{Schopenhauer18,
	Author = {A. Schopenhauer},
	Title = {The World as Will and Representation},
	Translator = {E. F. J. Payne},
	Year = {1818}}

@book{Husserl13,
	Address = {London},
	Author = {E. Husserl},
	Publisher = {George Allen \& Unwin},
	Title = {Ideas: General Introduction to Pure Phenomenology},
	Translator = {W. R. Boyce},
	Year = {1913}}

@incollection{Wright04,
	Author = {C. Wright},
	Booktitle = {{W}ittgenstein and Scepticism},
	Editor = {Denis McManus},
	Publisher = {Routledge},
	Title = {{W}ittgensteinian Certainties},
	Year = {2004}}

@incollection{Pritchard01,
	Author = {D. Pritchard},
	Booktitle = {Pyrrhonism in Ancient, Modern and Contemporary Philosophy},
	Editor = {D. Machuca},
	Publisher = {Springer},
	Title = {{W}ittgensteinian Pyrrhonism},
	Url = {http://www.philosophy.ed.ac.uk/people/full-academic/documents/PyrrhonismWitt.pdf},
	Year = {2011},
	Bdsk-Url-1 = {http://www.philosophy.ed.ac.uk/people/full-academic/documents/PyrrhonismWitt.pdf}}

@incollection{Schonbaumsfeld09,
	Author = {Genia Sch\"{o}nbaumsfeld},
	Booktitle = {In Search of Meaning, {L}udwig {W}ittgenstein on Ethics, Mysticism and Religion},
	Editor = {Ulrich Arnswald},
	Publisher = {Universit\"{a}tsverlag Karlsruhe},
	Title = {`Objectively there is no truth' -- {W}ittgenstein and {K}ierkegaard on Religious Belief},
	Year = {2009}}

@incollection{Williams04,
	Author = {M. Williams},
	Booktitle = {{W}ittgenstein and Scepticism},
	Editor = {Denis McManus},
	Publisher = {Routledge},
	Title = {{W}ittgenstein's Refutation of Idealism},
	Year = {2004}}

@book{MoyalSharrock04,
	Author = {Daniele Moyal-Sharrock},
	Publisher = {Palgrave Macmillan},
	Title = {Understanding {W}ittgenstein's ``{O}n {C}ertainty''},
	Year = {2004}}

@article{Wright91,
	Author = {C. Wright},
	Journal = {Mind},
	Pages = {87-116},
	Title = {Scepticism and Dreaming: Imploding the Demon},
	Volume = {100},
	Year = {1991}}

@misc{Robinson,
	Author = {Alistair Robinson},
	Howpublished = {Blog Posts},
	Title = {Notes on {W}ittgenstein's ``{O}n {C}ertainty''},
	Url = {http://critique-of-pure-reason.com/},
	Year = {2011-2014},
	Bdsk-Url-1 = {http://critique-of-pure-reason.com/}}

@book{James90,
	Address = {New York},
	Author = {W. James},
	Publisher = {H. Holt and Company},
	Title = {The Principles of Psychology},
	Year = {1890}}

@incollection{Mulligan13,
	Author = {Mulligan, Kevin and Correia, Fabrice},
	Booktitle = {The {S}tanford Encyclopedia of Philosophy},
	Edition = {Spring 2013},
	Editor = {Edward N. Zalta},
	Title = {Facts},
	Year = {2013}}

@incollection{Biletzki14,
	Author = {Biletzki, Anat and Matar, Anat},
	Booktitle = {The Stanford Encyclopedia of Philosophy},
	Edition = {Spring 2014},
	Editor = {Edward N. Zalta},
	Title = {Ludwig Wittgenstein},
	Year = {2014}}

@misc{Speaks07,
	Author = {Jeff Speaks},
	Date-Modified = {2015-12-07 03:07:03 +0000},
	Month = {November},
	Title = {The theory of elementary propositions},
	Year = {2007}}

@incollection{Proops13,
	Author = {Proops, Ian},
	Booktitle = {The Stanford Encyclopedia of Philosophy},
	Edition = {Summer 2013},
	Editor = {Edward N. Zalta},
	Howpublished = {\url{http://plato.stanford.edu/archives/sum2013/entries/wittgenstein-atomism/}},
	Title = {Wittgenstein's Logical Atomism},
	Year = {2013}}

@incollection{Klement15,
	Author = {Klement, Kevin},
	Booktitle = {The {S}tanford Encyclopedia of Philosophy},
	Edition = {Summer 2015},
	Editor = {Edward N. Zalta},
	Title = {{R}ussell's Logical Atomism},
	Year = {2015}}

@article{Geach81,
	Author = {Geach, P. T.},
	Copyright = {Copyright {\copyright} 1981 The Analysis Committee},
	Issn = {00032638},
	Journal = {Analysis},
	Jstor_Articletype = {research-article},
	Jstor_Formatteddate = {Oct., 1981},
	Language = {English},
	Number = {4},
	Pages = {pp. 168-171},
	Publisher = {Oxford University Press on behalf of The Analysis Committee},
	Title = {{W}ittgenstein's Operator \emph{N}},
	Url = {http://www.jstor.org/stable/3327740},
	Volume = {41},
	Year = {1981},
	Bdsk-Url-1 = {http://www.jstor.org/stable/3327740}}

@incollection{McInerny15,
	Author = {McInerny, Ralph and O'Callaghan, John},
	Booktitle = {The Stanford Encyclopedia of Philosophy},
	Edition = {Spring 2015},
	Editor = {Edward N. Zalta},
	Title = {Saint Thomas Aquinas},
	Year = {2015}}

@book{Pusey09,
	Address = {New York},
	Author = {Edward B. Pusey},
	Publisher = {Lamp Post},
	Title = {The Confessions of {S}aint {A}ugustine},
	Year = {2009}}

@book{Kripke82,
	Author = {Saul Kripke},
	Publisher = {Harvard University Press},
	Title = {{W}ittgenstein on Rules and Private Language},
	Year = {1982}}

@book{Wright01,
	Address = {Cambridge},
	Author = {C. Wright},
	Publisher = {Harvard University Press},
	Title = {Rails to Infinity: Essays on Themes from {W}ittgenstein's Philosophical Investigations},
	Year = {2001}}

@book{McDowell98A,
	Address = {Cambridge},
	Author = {J. H. McDowell},
	Publisher = {Harvard University Press},
	Title = {Mind, Value and Reality},
	Year = {1998}}

@book{McDowell98B,
	Address = {Cambridge},
	Author = {J. H. McDowell},
	Publisher = {Harvard University Press},
	Title = {Meaning, Knowledge and Reality},
	Year = {1998}}

@book{McDowell09,
	Address = {Cambridge},
	Author = {J. H. McDowell},
	Publisher = {Harvard University Press},
	Title = {The Engaged Intellect},
	Year = {2009}}
