%% This BibTeX bibliography file was created using BibDesk.
%% http://bibdesk.sourceforge.net/

%% Created for Edward Hernandez at 2015-11-03 06:06:40 -0500 


%% Saved with string encoding Unicode (UTF-8) 



@book{James90,
	Address = {New York},
	Author = {W. James},
	Date-Added = {2015-11-03 11:04:27 +0000},
	Date-Modified = {2015-11-03 11:06:37 +0000},
	Publisher = {H. Holt and Company},
	Title = {The Principles of Psychology},
	Year = {1890}}

@incollection{Mulligan13,
	Author = {Mulligan, Kevin and Correia, Fabrice},
	Booktitle = {The Stanford Encyclopedia of Philosophy},
	Edition = {Spring 2013},
	Editor = {Edward N. Zalta},
	Title = {Facts},
	Year = {2013}}

@book{Monk90,
	Address = {New York},
	Author = {Ray Monk},
	Date-Added = {2015-09-21 20:51:44 +0000},
	Date-Modified = {2015-09-21 20:53:27 +0000},
	Publisher = {Penguin Books},
	Title = {Ludwig Wittgenstein: The Duty of Genius},
	Year = {1990}}

@incollection{Biletzki14,
	Author = {Biletzki, Anat and Matar, Anat},
	Booktitle = {The Stanford Encyclopedia of Philosophy},
	Edition = {Spring 2014},
	Editor = {Edward N. Zalta},
	Title = {Ludwig Wittgenstein},
	Year = {2014}}

@article{Speaks07,
	Author = {Jeff Speaks},
	Date-Added = {2015-09-21 19:28:25 +0000},
	Date-Modified = {2015-09-21 19:29:56 +0000},
	Month = {November},
	Title = {The theory of elementary propositions},
	Year = {2007}}

@incollection{Proops13,
	Author = {Proops, Ian},
	Booktitle = {The Stanford Encyclopedia of Philosophy},
	Edition = {Summer 2013},
	Editor = {Edward N. Zalta},
	Howpublished = {\url{http://plato.stanford.edu/archives/sum2013/entries/wittgenstein-atomism/}},
	Title = {Wittgenstein's Logical Atomism},
	Year = {2013}}

@book{Wittgenstein22,
	Author = {Ludwig Wittgenstein},
	Date-Added = {2015-09-21 19:26:06 +0000},
	Date-Modified = {2015-09-21 19:26:06 +0000},
	Publisher = {Routledge \& Keagan Paul Ltd},
	Title = {Tractatus Logico-Philosophicus},
	Year = {1922}}

@incollection{Klement15,
	Author = {Klement, Kevin},
	Booktitle = {The Stanford Encyclopedia of Philosophy},
	Edition = {Summer 2015},
	Editor = {Edward N. Zalta},
	Title = {Russell's Logical Atomism},
	Year = {2015}}

@article{Geach81,
	Author = {Geach, P. T.},
	Copyright = {Copyright {\copyright} 1981 The Analysis Committee},
	Issn = {00032638},
	Journal = {Analysis},
	Jstor_Articletype = {research-article},
	Jstor_Formatteddate = {Oct., 1981},
	Language = {English},
	Number = {4},
	Pages = {pp. 168-171},
	Publisher = {Oxford University Press on behalf of The Analysis Committee},
	Title = {Wittgenstein's Operator N},
	Url = {http://www.jstor.org/stable/3327740},
	Volume = {41},
	Year = {1981},
	Bdsk-Url-1 = {http://www.jstor.org/stable/3327740}}

@incollection{McInerny15,
	Author = {McInerny, Ralph and O'Callaghan, John},
	Booktitle = {The Stanford Encyclopedia of Philosophy},
	Edition = {Spring 2015},
	Editor = {Edward N. Zalta},
	Title = {Saint Thomas Aquinas},
	Year = {2015}}

@book{Wittgenstein53,
	Address = {Oxford},
	Author = {Wittgenstein, Ludwig},
	Date-Modified = {2015-09-29 02:25:23 +0000},
	Publisher = {Basil Blackwell},
	Title = {Philosophical Investigations},
	Translator = {G. E. M. Anscombe},
	Year = {1953}}

@book{Pusey09,
	Address = {New York},
	Author = {Edward B. Pusey},
	Publisher = {Lamp Post},
	Title = {The Confessions of Saint Augustine},
	Year = {2009}}

@book{McGinn97,
	Address = {New York},
	Author = {Marie McGinn},
	Title = {The Routledge Guidebook to Wittgenstein's Philosophical Investigations},
	Year = {1997}}

@book{Kripke82,
	Author = {Saul Kripke},
	Publisher = {Harvard University Press},
	Title = {Wittgenstein on Rules and Private Language},
	Year = {1982}}

@book{Wright01,
	Address = {Cambridge},
	Author = {C. Wright},
	Publisher = {Harvard University Press},
	Title = {Rails to Infinity: Essays on Themes from Wittgenstein's Philosophical Investigations},
	Year = {2001}}

@book{McDowell98A,
	Address = {Cambridge},
	Author = {J. H. McDowell},
	Publisher = {Harvard University Press},
	Title = {Mind, Value and Reality},
	Year = {1998}}

@book{McDowell98B,
	Address = {Cambridge},
	Author = {J. H. McDowell},
	Publisher = {Harvard University Press},
	Title = {Meaning, Knowledge and Reality},
	Year = {1998}}

@book{McDowell09,
	Address = {Cambridge},
	Author = {J. H. McDowell},
	Publisher = {Harvard University Press},
	Title = {The Engaged Intellect},
	Year = {2009}}
